Report Date,Sales,Raw Material Cost,Change in Inventory,Power and Fuel,Other Mfr. Exp,Employee Cost,Selling and admin,Other Expenses,Other Income,Depreciation,Interest,Profit before tax,Tax,Net profit,Dividend Amount,Company,Equity Share Capital,Reserves,Borrowings,Other Liabilities,Total,Total,Net Block,Capital Work in Progress,Investments,Other Assets,Total,Total,Receivables,Inventory,Cash & Bank,No. of Equity Shares,New Bonus Shares,Face value,Cash from Operating Activity,Cash from Investing Activity,Cash from Financing Activity,Net Cash Flow,PRICE:
2012-03-31 00:00:00,2714.62,,,4.8,7.78,265.87,282.69,359.2,1190.16,14.12,744.1,2226.22,336.47,1337.77,21.7,BAJAJ FINSERV LTD,72.34,5026.67,10201.43,44153.93,59454.37,59454.37,817.78,18.01,43505.57,15113.01,59454.37,59454.37,271.33,,1046.6,144683510.0,,5.0,-3848.57,-887.31,3803.09,-932.79,600.78
2013-03-31 00:00:00,8055.15,,,8.89,8.83,335.8,303.14,3467.17,2.06,21.69,1203.58,2708.11,493.94,1573.64,23.87,BAJAJ FINSERV LTD,79.56,7723.53,12990.73,44576.4,65370.22,65370.22,1207.87,1.79,43250.91,20909.65,65370.22,65370.22,353.02,,1603.11,159122352.0,,5.0,-6921.7,2952.71,4592.48,623.49,771.55
2014-03-31 00:00:00,6022.6,,,,8.89,445.75,365.18,711.39,2.97,30.88,1561.87,2901.61,710.49,1544.27,27.85,BAJAJ FINSERV LTD,79.56,9231.59,19506.85,45565.2,74383.2,74383.2,1262.42,1.38,45314.25,27805.15,74383.2,74383.2,370.38,,2060.99,159122352.0,,5.0,-9807.38,3763.94,6521.46,478.02,788.05
2015-03-31 00:00:00,11334.79,,,,20.07,580.39,470.74,4752.29,7.52,38.15,2229.58,3251.09,841.94,1689.79,27.85,BAJAJ FINSERV LTD,79.56,10885.08,26312.09,50951.72,88228.45,88228.45,1260.67,2.76,51366.55,35598.47,88228.45,88228.45,541.45,,1408.54,159125200.0,,5.0,-10731.11,3709.28,6838.77,-183.06,1414.55
2016-03-31 00:00:00,20533.28,,,,22.98,771.22,521.25,12479.2,0.09,57.72,2876.95,3804.05,1029.51,1863.27,27.85,BAJAJ FINSERV LTD,79.57,13311.54,36062.09,54497.56,103950.76,103950.76,1273.54,10.76,53697.8,48968.66,103950.76,103950.76,680.77,,2167.51,159131453.0,,5.0,-9795.15,-885.83,11601.63,920.65,1711.1
2017-03-31 00:00:00,24507.3,,,,27.13,1003.97,661.03,14101.89,0.16,72.63,3716.28,4924.53,1474.82,2261.92,27.85,BAJAJ FINSERV LTD,79.57,15736.5,48282.04,64515.55,128613.66,128613.66,1645.4,3.54,62658.46,64306.26,128613.66,128613.66,1253.12,,1498.67,159131780.0,,5.0,-10922.24,151.3,12512.74,1741.8,4098.4
2018-03-31 00:00:00,32862.46,,,,1400.74,2749.4,1822.37,16101.84,1.49,159.89,4531.0,6098.71,1922.36,2650.26,27.85,BAJAJ FINSERV LTD,79.57,20403.37,65694.72,75336.6,161514.26,161514.26,1791.85,27.7,69428.48,90266.23,161514.26,161514.26,1753.28,,1606.44,159135097.0,,5.0,-19580.16,-921.5,19590.17,-911.49,5171.55
2019-03-31 00:00:00,42605.4,,,40.9,19290.57,3807.61,2125.92,2303.7,1.53,226.09,6657.4,8154.74,2780.89,3219.04,39.78,BAJAJ FINSERV LTD,79.57,23660.5,99754.35,84933.76,208428.18,208428.18,2096.83,65.51,81679.06,124586.78,208428.18,208428.18,2273.08,,1588.89,159136111.0,,5.0,-27076.37,-6903.41,34534.82,555.04,7037.05
2020-03-31 00:00:00,54351.37,,,9.6,23739.27,4763.12,2841.03,4740.65,0.36,456.79,9499.61,8301.66,2308.06,3369.13,79.57,BAJAJ FINSERV LTD,79.57,31221.68,127212.03,92790.87,251304.15,251304.15,3215.62,44.69,91821.05,156222.79,251304.15,251304.15,2657.81,,2525.23,159137290.0,,5.0,-23369.03,-9948.0,34479.35,1162.32,4591.2
2021-03-31 00:00:00,60591.52,,,9.08,27447.36,4704.41,2381.91,6407.47,-6.87,498.46,9273.62,9862.34,2494.96,4470.46,47.74,BAJAJ FINSERV LTD,79.57,35750.43,128460.85,115553.86,279844.71,279844.71,3182.1,128.85,113654.41,162879.35,279844.71,279844.71,2512.12,,3410.49,159137290.0,,5.0,4547.4,-3683.8,1686.95,2550.55,9668.6
2011-12-31 00:00:00,7514.55,3052.64,48.28,295.81,753.26,546.46,1236.55,153.12,21.37,153.33,5.11,1387.92,426.37,961.55,467.64,NESTLE INDIA LTD,96.42,1177.54,970.87,2156.95,4401.78,4401.78,1575.75,1371.78,134.37,1319.88,4401.78,4401.78,115.42,734.04,227.21,96415716.0,,10.0,1158.17,-1528.47,323.19,-47.11,4094.85
2012-12-31 00:00:00,8334.53,3238.44,92.02,370.89,815.2,663.38,1374.62,138.68,31.03,277.15,26.6,1552.62,484.69,1067.93,467.64,NESTLE INDIA LTD,96.42,1701.99,1050.19,2315.32,5163.92,5163.92,3204.27,344.08,364.86,1250.71,5163.92,5163.92,87.57,745.58,236.96,96415716.0,,10.0,1693.38,-940.83,-513.16,239.39,4992.3
2013-12-31 00:00:00,9101.05,3313.68,-105.32,385.38,895.68,741.5,1528.64,183.27,96.9,329.95,36.51,1678.02,560.89,1117.13,467.64,NESTLE INDIA LTD,96.42,2272.33,1189.49,2756.03,6314.27,6314.27,3369.31,294.71,851.08,1799.17,6314.27,6314.27,84.27,735.93,749.36,96415716.0,,10.0,1796.4,-440.94,-580.12,775.34,5289.25
2014-12-31 00:00:00,9854.84,4591.39,67.43,384.33,197.11,837.05,1680.48,192.66,86.87,337.54,14.23,1774.35,589.66,1184.69,607.45,NESTLE INDIA LTD,96.42,2740.79,19.57,2962.72,5819.5,5819.5,3176.64,244.78,811.82,1586.26,5819.5,5819.5,99.1,844.1,445.82,96415716.0,,10.0,1644.02,-431.7,-1635.28,-422.96,6384.85
2015-12-31 00:00:00,8175.31,3456.94,-11.97,221.99,170.61,912.75,1615.41,230.71,-390.75,347.26,3.29,813.63,250.36,563.27,467.64,NESTLE INDIA LTD,96.42,2721.42,17.73,3250.76,6086.33,6086.33,2897.85,230.79,1324.92,1632.77,6086.33,6086.33,78.42,820.81,499.55,96415716.0,,10.0,1098.1,-70.48,-498.32,529.3,5828.0
2016-12-31 00:00:00,9141.34,3227.26,7.66,232.79,850.85,901.57,1751.78,334.91,140.12,353.67,90.91,1545.38,544.02,1001.36,607.45,NESTLE INDIA LTD,96.42,3185.91,33.15,3494.98,6810.46,6810.46,2730.14,188.17,1755.66,2136.49,6810.46,6810.46,97.93,940.06,880.0,96415716.0,,10.0,1465.91,-125.9,-665.61,674.4,6028.35
2017-12-31 00:00:00,10009.6,3696.99,79.56,288.44,897.84,1017.45,1823.98,267.93,176.92,342.25,91.9,1839.3,614.11,1225.19,829.21,NESTLE INDIA LTD,96.42,3324.17,35.14,3906.86,7362.59,7362.59,2616.18,94.16,1978.87,2673.38,7362.59,7362.59,88.97,902.47,1457.42,96415716.0,,10.0,1817.79,-130.56,-996.62,690.61,7870.9
2018-12-31 00:00:00,11292.27,3829.22,6.01,344.18,949.86,1124.15,2145.82,287.4,258.92,335.67,111.95,2428.95,822.02,1606.93,1108.83,NESTLE INDIA LTD,96.42,3577.32,35.14,4379.2,8088.08,8088.08,2400.62,105.2,2658.49,2923.77,8088.08,8088.08,124.59,965.55,1610.06,96415716.0,,10.0,2052.45,-52.41,-1317.42,682.62,11084.85
2019-12-31 00:00:00,12368.9,4520.91,144.19,340.53,1028.55,1258.17,2226.13,212.92,246.88,370.15,129.12,2673.49,705.05,1968.44,3297.56,NESTLE INDIA LTD,96.42,1822.45,188.94,5065.13,7172.94,7172.94,2341.45,143.3,1751.05,2937.14,7172.94,7172.94,124.33,1283.07,1308.05,96415716.0,,10.0,2295.25,82.99,-3601.53,-1223.29,14785.35
2020-12-31 00:00:00,13350.03,4901.74,69.33,313.68,1040.36,1500.95,2249.04,212.09,145.85,370.38,164.18,2812.79,730.36,2082.43,1928.4,NESTLE INDIA LTD,96.42,1922.92,147.49,5732.9,7899.73,7899.73,2179.41,638.58,1463.77,3617.97,7899.73,7899.73,164.93,1416.48,1769.87,96415716.0,,10.0,2454.48,-321.46,-1955.89,177.13,18390.25
2012-03-31 00:00:00,357677.0,301035.0,2844.0,4740.0,7165.0,3955.0,8198.0,2252.0,7526.0,12401.0,2893.0,25408.0,5691.0,19724.0,2532.15,RELIANCE INDUSTRIES LTD,2979.0,166466.0,92447.0,65299.0,327191.0,327191.0,138814.0,25363.0,38596.0,124418.0,327191.0,327191.0,16939.0,46692.0,40731.0,2978704713.0,,10.0,24483.0,-6301.0,-7590.0,10592.0,371.78
2013-03-31 00:00:00,395957.0,337204.0,4954.0,7993.0,7218.0,5179.0,10180.0,-18.0,7757.0,11232.0,3463.0,26217.0,5331.0,20879.0,2642.4,RELIANCE INDUSTRIES LTD,2936.0,179094.0,107219.0,73108.0,362357.0,362357.0,133487.0,49952.0,42848.0,136070.0,362357.0,362357.0,9750.0,54601.0,50456.0,2936308755.0,,10.0,36918.0,-27601.0,408.0,9725.0,382.82
2014-03-31 00:00:00,433521.0,363582.0,560.0,10855.0,7954.0,5572.0,10681.0,502.0,8865.0,11201.0,3836.0,28763.0,6215.0,22493.0,2793.0,RELIANCE INDUSTRIES LTD,2940.0,195730.0,138761.0,91412.0,428843.0,428843.0,141417.0,91494.0,60602.0,135330.0,428843.0,428843.0,9411.0,56720.0,37984.0,2939547231.0,,10.0,43261.0,-73070.0,13713.0,-16096.0,461.01
2015-03-31 00:00:00,374372.0,292563.0,-1483.0,13261.0,8914.0,6262.0,12548.0,1892.0,8528.0,11547.0,3316.0,31114.0,7474.0,23566.0,2943.0,RELIANCE INDUSTRIES LTD,2943.0,215539.0,168251.0,117753.0,504486.0,504486.0,156458.0,166462.0,76451.0,105115.0,504486.0,504486.0,5315.0,53248.0,12545.0,2943334138.0,,10.0,34374.0,-64706.0,8444.0,-21888.0,409.12
2016-03-31 00:00:00,272583.0,186254.0,-2560.0,10741.0,8272.0,7407.0,18808.0,-3240.0,12212.0,11565.0,3691.0,38737.0,8876.0,29745.0,3095.4,RELIANCE INDUSTRIES LTD,2948.0,228600.0,194714.0,172735.0,598997.0,598997.0,184910.0,228697.0,84015.0,101375.0,598997.0,598997.0,4465.0,46486.0,11028.0,2948021694.0,,10.0,38134.0,-36186.0,-3210.0,-1262.0,517.7
2017-03-31 00:00:00,303954.0,217518.0,5218.0,11251.0,9909.0,8388.0,18520.0,-2721.0,9222.0,11646.0,3849.0,40034.0,10201.0,29901.0,3254.9,RELIANCE INDUSTRIES LTD,2959.0,260746.0,217475.0,225622.0,706802.0,706802.0,198526.0,324837.0,82899.0,100540.0,706802.0,706802.0,8177.0,48951.0,3023.0,2958924277.0,,10.0,49550.0,-66201.0,8617.0,-8034.0,654.25
2018-03-31 00:00:00,390823.0,276076.0,8610.0,14569.0,9691.0,9523.0,29111.0,-3852.0,9869.0,16706.0,8052.0,49426.0,13346.0,36075.0,3553.2,RELIANCE INDUSTRIES LTD,5922.0,287569.0,239843.0,277939.0,811273.0,811273.0,403885.0,187022.0,82862.0,137504.0,811273.0,811273.0,17555.0,60837.0,4255.0,5921826196.0,2959863235.0,10.0,71459.0,-68192.0,-2001.0,1266.0,874.41
2019-03-31 00:00:00,568337.0,399167.0,4680.0,17029.0,12198.0,12488.0,50221.0,-2336.0,8406.0,20934.0,16495.0,55227.0,15390.0,39588.0,3851.9,RELIANCE INDUSTRIES LTD,5926.0,381184.0,307714.0,302806.0,997630.0,997630.0,398374.0,179463.0,235635.0,184158.0,997630.0,997630.0,30089.0,67561.0,11081.0,5925868997.0,2959863235.0,10.0,42346.0,-94507.0,55906.0,3745.0,1350.45
2020-03-31 00:00:00,596679.0,410288.0,5048.0,15098.0,11434.0,14075.0,62622.0,-1056.0,8570.0,22203.0,22027.0,53606.0,13726.0,39354.0,4120.35,RELIANCE INDUSTRIES LTD,6339.0,442826.0,355133.0,358717.0,1163015.0,1163015.0,532658.0,109106.0,276767.0,244484.0,1163015.0,1163015.0,19656.0,73903.0,30920.0,6339267510.0,,10.0,94877.0,-72497.0,-2541.0,19839.0,1103.29
2021-03-31 00:00:00,466307.0,301765.0,9064.0,13214.0,7687.0,14817.0,56154.0,944.0,22432.0,26572.0,21189.0,55461.0,1722.0,49128.0,4511.5,RELIANCE INDUSTRIES LTD,6445.0,653884.0,270648.0,389088.0,1320065.0,1320065.0,541258.0,125953.0,364828.0,288026.0,1320065.0,1320065.0,19014.0,81672.0,17397.0,6762068814.0,,10.0,26185.0,-141610.0,101902.0,-13523.0,2003.1
2012-03-31 00:00:00,132899.7,66530.97,785.93,5935.48,15133.64,17228.64,12806.31,3633.8,4934.95,4516.65,4250.11,8584.98,3636.46,5389.77,1165.69,TATA STEEL LTD,971.41,41644.81,59896.77,44277.66,146790.65,146790.65,59286.87,20196.03,4021.25,63286.5,146790.65,146790.65,14878.48,25598.0,10798.81,971603966.0,,10.0,12018.47,-3705.43,-8461.67,-148.63,449.45
2013-03-31 00:00:00,134711.54,59117.33,-1418.92,6544.38,17706.28,18912.0,13603.05,13444.28,1445.18,5575.32,3968.11,-4132.95,3229.44,-7057.62,777.13,TATA STEEL LTD,971.41,33200.83,68507.32,44196.74,146876.3,146876.3,68001.6,14276.62,3257.66,61340.42,146876.3,146876.3,13993.96,24091.19,9833.92,971604745.0,,10.0,14035.29,-13098.89,-1780.41,-844.01,298.06
2014-03-31 00:00:00,148613.55,63251.19,514.67,7125.2,20662.36,20303.41,16160.96,5441.1,716.18,5841.22,4336.83,6722.13,3058.16,3594.89,971.41,TATA STEEL LTD,971.41,39560.55,81608.65,49463.07,171603.68,171603.68,74906.93,26822.45,5093.47,64780.83,171603.68,171603.68,16005.77,26880.0,8604.5,971604900.0,,10.0,13145.89,-15378.25,1014.56,-1217.8,375.33
2015-03-31 00:00:00,139503.73,54545.26,-1122.18,6845.38,20370.48,21407.64,15868.37,15935.54,5994.38,5943.6,4847.75,-1388.09,2567.41,-3925.52,777.13,TATA STEEL LTD,971.41,30378.0,80701.29,47058.6,159109.3,159109.3,68100.33,28678.12,3455.05,58875.8,159109.3,159109.3,13309.87,25149.91,8749.94,971604916.0,,10.0,11879.77,-9021.13,-2617.19,241.45,301.78
2016-03-31 00:00:00,101964.72,38696.27,-1925.19,4993.89,16034.28,17587.63,12908.42,10444.28,10345.87,5306.35,4221.41,192.87,689.96,-382.78,776.19,TATA STEEL LTD,970.24,40487.31,81986.93,53439.51,176883.99,176883.99,72199.76,35996.09,10713.71,57974.43,176883.99,176883.99,12066.22,20013.33,6186.34,970436562.0,,10.0,11455.35,-8794.31,-4729.12,-2068.08,304.59
2017-03-31 00:00:00,112299.42,43843.03,4538.13,5220.83,15799.14,17252.22,13772.32,7806.38,-3789.11,5672.88,5072.2,-1390.56,2778.01,-4240.8,970.24,TATA STEEL LTD,970.24,34574.07,83014.49,53888.57,172447.37,172447.37,92006.55,15784.13,12457.12,52199.57,172447.37,172447.37,11586.82,24803.82,4921.05,970436562.0,,10.0,10824.36,-9489.65,-2579.36,-1244.65,459.89
2018-03-31 00:00:00,123249.07,46137.01,-99.31,4440.43,16955.79,17077.51,14423.87,2681.96,10898.41,5741.7,5454.74,21135.16,3392.33,13434.33,1144.95,TATA STEEL LTD,1144.95,57450.65,92127.08,57999.46,208722.14,208722.14,96104.89,16614.41,17899.47,78103.37,208722.14,208722.14,12415.52,28331.04,7937.85,1203340563.0,,10.0,8023.39,-11730.31,6639.94,2933.02,571.05
2019-03-31 00:00:00,157668.99,60877.05,96.71,5316.56,20734.28,18758.87,16917.14,5843.58,1524.31,7341.83,7660.1,15840.6,6718.43,10218.33,1488.42,TATA STEEL LTD,1144.94,65505.14,100802.91,65320.45,232773.44,232773.44,124441.91,18641.21,5738.17,83952.15,232773.44,232773.44,11811.0,31656.1,3341.37,1203331928.0,,10.0,25335.95,-29176.45,-672.7,-4513.2,521.0
2020-03-31 00:00:00,148971.71,64097.03,490.05,6343.85,21858.01,19152.23,15095.11,5087.96,-2919.62,8707.67,7580.72,-1380.44,-2552.9,1556.54,1144.95,TATA STEEL LTD,1144.95,70156.35,116328.2,61519.62,249149.12,249149.12,134550.66,19496.83,6285.18,88816.45,249149.12,249149.12,7884.91,31068.72,8054.72,1203332459.0,,10.0,20168.72,-14012.06,-1694.62,4462.04,269.6
2021-03-31 00:00:00,156294.18,55423.38,-1516.77,5788.48,20744.92,19908.81,16923.93,5483.63,179.78,9233.64,7606.71,13843.69,5653.9,7490.22,2994.02,TATA STEEL LTD,1197.61,72262.38,88501.41,81947.79,243909.19,243909.19,135775.18,19007.4,10681.93,78444.68,243909.19,243909.19,9539.84,33276.38,5782.18,1203334622.0,,10.0,44326.68,-9437.27,-37089.67,-2200.26,811.85
2012-03-31 00:00:00,2846.43,1729.14,75.29,31.96,422.46,164.36,301.47,-31.1,30.54,47.18,32.36,254.43,74.39,180.04,48.46,BERGER PAINTS INDIA LTD,69.23,722.31,418.06,578.5,1788.1,1788.1,508.93,72.91,3.96,1202.3,1788.1,1788.1,358.62,555.22,182.43,346153264.0,,2.0,176.07,-70.52,-48.41,57.14,38.11
2013-03-31 00:00:00,3227.14,1874.82,46.94,36.46,463.39,188.48,362.18,-22.44,31.43,56.72,37.66,308.24,89.84,218.4,62.33,BERGER PAINTS INDIA LTD,69.26,883.9,549.66,683.26,2186.08,2186.08,598.9,172.5,10.82,1403.86,2186.08,2186.08,411.44,635.26,227.01,346289948.0,,2.0,119.74,-203.28,128.12,44.58,69.73
2014-03-31 00:00:00,3731.8,2123.12,40.16,43.36,537.04,226.92,429.81,-19.66,35.95,70.71,46.63,349.98,100.59,249.39,76.23,BERGER PAINTS INDIA LTD,69.3,1051.03,623.52,851.01,2594.86,2594.86,863.77,133.32,90.68,1507.09,2594.86,2594.86,485.66,695.66,184.09,346481300.0,,2.0,310.31,-301.38,-51.85,-42.92,82.09
2015-03-31 00:00:00,4170.18,2549.94,18.68,47.03,312.97,253.44,520.48,-5.72,36.02,92.5,50.14,404.1,139.4,264.7,86.66,BERGER PAINTS INDIA LTD,69.33,1191.27,609.56,845.68,2715.84,2715.84,930.66,100.44,134.49,1550.25,2715.84,2715.84,535.21,719.47,169.76,693284120.0,,1.0,413.81,-183.55,-198.29,31.97,149.04
2016-03-31 00:00:00,4223.1,2489.81,19.62,42.15,338.98,273.92,311.1,141.98,40.33,98.65,27.28,559.18,188.62,370.56,114.43,BERGER PAINTS INDIA LTD,69.35,1492.74,354.41,960.29,2876.79,2876.79,962.92,51.06,347.54,1515.27,2876.79,2876.79,545.4,733.23,105.33,693477912.0,,1.0,594.57,-259.21,-367.63,-32.27,174.86
2017-03-31 00:00:00,4552.25,2357.66,125.09,43.79,733.4,307.16,366.0,150.42,108.44,108.05,16.22,703.08,229.42,473.66,169.92,BERGER PAINTS INDIA LTD,97.1,1804.46,406.21,1131.8,3439.57,3439.57,1135.96,62.21,472.13,1769.27,3439.57,3439.57,578.14,935.47,102.45,970986647.0,,1.0,394.5,-308.4,-82.42,3.68,242.1
2018-03-31 00:00:00,5165.73,2730.63,99.97,48.27,764.16,357.05,367.81,190.78,46.5,124.21,24.55,704.74,243.91,460.83,174.78,BERGER PAINTS INDIA LTD,97.1,2097.41,422.17,1325.97,3942.65,3942.65,1267.17,97.16,333.13,2245.19,3942.65,3942.65,692.4,1007.34,204.97,970986647.0,,1.0,421.9,-183.43,-200.13,38.34,256.7
2019-03-31 00:00:00,6061.86,3426.09,173.95,59.13,896.83,408.96,273.45,236.71,60.03,182.27,47.24,765.16,271.27,494.3,184.51,BERGER PAINTS INDIA LTD,97.11,2346.7,752.94,1359.92,4556.67,4556.67,1582.65,169.89,394.92,2409.21,4556.67,4556.67,671.48,1233.53,238.48,971122908.0,,1.0,610.84,-378.59,-258.77,-26.52,323.75
2020-03-31 00:00:00,6365.82,3306.65,18.8,58.54,984.06,453.11,430.17,99.4,68.52,191.01,47.04,883.16,227.06,657.81,213.66,BERGER PAINTS INDIA LTD,97.12,2563.01,766.9,1472.47,4899.5,4899.5,1915.57,178.49,315.17,2490.27,4899.5,4899.5,714.11,1278.46,219.93,971219780.0,,1.0,724.64,-223.37,-479.42,21.85,497.95
2021-03-31 00:00:00,6817.59,3579.29,186.65,56.47,1089.73,485.71,483.04,127.63,51.49,211.14,44.1,978.62,258.9,719.75,271.96,BERGER PAINTS INDIA LTD,97.13,3279.74,633.76,1907.01,5917.64,5917.64,2044.22,106.75,355.67,3411.0,5917.64,5917.64,1019.72,1616.13,439.61,971295037.0,,1.0,795.76,-456.7,-281.76,57.3,765.0
2012-03-31 00:00:00,72424.07,5504.07,381.04,2012.52,3385.68,26705.02,16159.26,3745.18,8004.65,1969.22,56.16,21272.65,6484.45,14788.2,6316.36,COAL INDIA LTD,6316.36,34136.66,1527.38,65005.86,106986.26,106986.26,13440.29,2903.38,1981.4,88661.19,106986.26,106986.26,5662.84,6071.28,58202.78,6316364400.0,,10.0,19887.87,-10410.37,-7382.13,2095.37,343.9
2013-03-31 00:00:00,68302.74,6062.11,-493.92,2333.48,3833.31,27943.21,4681.13,4868.62,8751.5,1812.97,46.46,24979.03,7622.67,17356.36,8842.9,COAL INDIA LTD,6316.36,42155.63,1305.3,61205.72,110983.01,110983.01,13465.76,3495.95,2394.96,91626.34,110983.01,110983.01,10480.21,6305.03,62236.0,6316364400.0,,10.0,9109.41,-1832.73,-7851.94,-575.26,309.1
2014-03-31 00:00:00,70607.52,7022.05,-92.65,2282.23,7876.34,27914.4,2718.39,4935.68,7169.05,1996.41,58.89,22879.53,7767.9,15111.67,18317.44,COAL INDIA LTD,6316.36,36088.1,178.14,62355.84,104938.44,104938.44,14784.39,4315.81,3774.9,82063.34,104938.44,104938.44,8241.03,6264.16,52389.53,6316364400.0,,10.0,14524.69,8579.76,-25350.25,-2245.8,288.75
2015-03-31 00:00:00,74120.07,7256.44,530.48,2347.28,9770.94,29874.12,2816.96,5241.81,6569.8,2319.8,9.09,21583.91,7857.3,13726.7,13074.87,COAL INDIA LTD,6316.36,34036.71,408.32,70505.3,111266.69,111266.69,16115.04,5159.37,2813.44,87178.84,111266.69,111266.69,8521.88,6909.05,47268.89,6316364400.0,,10.0,14381.53,894.3,-15025.71,250.12,362.9
2016-03-31 00:00:00,105083.49,7039.76,1444.22,2490.54,12370.09,30126.78,31596.15,4189.93,5938.91,2825.91,387.67,21439.79,7171.87,14266.78,17306.83,COAL INDIA LTD,6316.36,28516.8,1198.79,77528.31,113560.26,113560.26,22082.49,4553.22,2906.07,84018.48,113560.26,113560.26,11447.61,8301.23,38014.91,6316364400.0,,10.0,13153.77,8154.09,-19587.35,1720.51,291.95
2017-03-31 00:00:00,78163.6,,1238.38,2546.45,20624.08,33522.88,3962.63,6298.04,5315.61,2906.75,410.44,14446.32,5164.79,9280.02,12352.75,COAL INDIA LTD,6207.41,18310.68,3014.47,91054.43,118586.99,118586.99,23811.37,8585.22,1482.86,84707.54,118586.99,118586.99,12476.27,9717.04,31149.19,6207409177.0,,10.0,16460.84,454.64,-17597.97,-682.49,292.65
2018-03-31 00:00:00,85244.24,,-1679.46,2516.42,21077.21,42621.84,3383.99,4677.09,4974.88,3062.7,430.1,10770.31,3732.31,7038.56,10242.23,COAL INDIA LTD,6207.41,13971.33,1537.72,103754.21,125470.67,125470.67,27574.09,10272.7,1703.63,85920.25,125470.67,125470.67,6257.8,6443.85,31279.98,6207409177.0,,10.0,21114.92,-7746.94,-13564.22,-196.24,283.3
2019-03-31 00:00:00,99585.61,,-856.24,2443.08,22274.92,38772.85,3681.45,6550.29,5834.13,3450.36,263.68,27126.87,9662.45,17463.07,8073.18,COAL INDIA LTD,6162.73,20292.41,2209.94,104356.37,133021.45,133021.45,32618.32,9657.68,3169.8,87575.65,133021.45,133021.45,5498.55,5583.93,31124.23,6162728327.0,,10.0,16355.52,-7896.46,-10884.84,-2425.78,237.2
2020-03-31 00:00:00,96080.34,60.8,1042.5,2467.22,22456.96,39404.18,3544.99,7608.03,6444.41,3450.83,502.92,24071.32,7370.98,16714.19,7395.28,COAL INDIA LTD,6162.73,25994.19,6433.77,111429.75,150020.44,150020.44,36783.61,8328.25,1972.87,102935.71,150020.44,150020.44,14408.22,6617.98,28448.96,6162728327.0,,10.0,4977.24,1032.84,-4790.87,1219.21,140.05
2021-03-31 00:00:00,90026.01,282.34,2351.26,2538.19,25126.23,38697.72,3373.8,3787.5,3791.36,3708.92,644.69,18009.24,5307.07,12699.89,9860.37,COAL INDIA LTD,6162.73,30354.63,5882.89,118657.37,161057.62,161057.62,42405.22,10489.83,5950.23,102212.34,161057.62,161057.62,19623.12,8947.47,17310.3,6162728327.0,,10.0,10559.85,338.87,-8455.4,2443.32,130.35
2012-03-31 00:00:00,147197.39,,,,489.96,22089.89,5765.81,33383.2,29691.58,1371.61,89319.55,24468.95,8639.5,15343.1,2348.64,STATE BANK OF INDIA,671.04,105558.97,1572680.76,150720.03,1829630.8,1829630.8,7026.67,381.3,460949.13,1361273.7,1829630.8,1829630.8,,,127590.83,671044838.0,,10.0,-30114.14,168.67,2208.85,-27736.62,209.64
2013-03-31 00:00:00,167976.14,,,,530.13,24408.65,7030.64,34313.19,32583.7,1577.49,106817.91,25881.83,7558.83,17916.23,2838.72,STATE BANK OF INDIA,684.03,124348.99,1831125.81,176355.44,2132514.27,2132514.27,8693.5,676.43,519343.42,1603800.92,2132514.27,2132514.27,,,145227.73,684033971.0,,10.0,24331.79,-2271.35,-4423.54,17636.9,207.28
2014-03-31 00:00:00,189062.44,,,,591.76,29874.91,8441.07,43289.82,37882.13,1942.43,121479.04,21325.54,6836.07,14173.78,2239.71,STATE BANK OF INDIA,746.57,146623.96,2062612.07,185573.42,2395556.02,2395556.02,10222.51,337.27,579401.26,1805594.98,2395556.02,2395556.02,,,167161.34,746573092.0,,10.0,19141.68,-791.12,3583.06,21933.62,191.77
2015-03-31 00:00:00,207974.34,,,,730.46,31123.2,9333.86,55487.29,49315.17,1581.49,133178.64,25854.57,8337.2,16994.3,2613.0,STATE BANK OF INDIA,746.57,160640.97,2297624.26,240148.73,2699160.53,2699160.53,12924.2,400.32,673507.48,2012328.53,2699160.53,2699160.53,,,188481.05,7465730920.0,,1.0,26297.37,-3424.4,-1553.27,21319.7,267.05
2016-03-31 00:00:00,220632.75,,,,797.06,32533.31,9750.12,66904.29,52828.39,2252.21,143047.36,18176.79,5433.5,12224.6,2018.33,STATE BANK OF INDIA,776.28,179816.09,2615256.95,276472.16,3072321.48,3072321.48,15415.21,785.7,807374.58,2248745.99,3072321.48,3072321.48,,,204559.47,7762777042.0,,1.0,14476.68,-2746.71,4348.45,16078.42,194.25
2017-03-31 00:00:00,230447.1,,,,870.96,35700.74,10596.89,98497.5,68193.17,2914.68,149114.67,944.83,1335.5,241.23,2073.11,STATE BANK OF INDIA,797.35,216394.8,2936176.32,288391.04,3441759.51,3441759.51,51189.24,694.92,1027280.87,2362594.48,3441759.51,3441759.51,,,273197.16,7973504442.0,,1.0,77406.0,-4571.83,-4196.48,68637.69,293.4
2018-03-31 00:00:00,228970.28,,,,971.9,35417.16,12237.75,120406.99,77526.66,3105.07,146602.98,-12244.91,-8057.5,-4556.29,,STATE BANK OF INDIA,892.46,229429.49,3091257.62,294859.6,3616439.17,3616439.17,40300.72,925.07,1183794.24,2391419.14,3616439.17,3616439.17,,,195289.11,8924587534.0,,1.0,-96507.91,13052.7,5547.16,-77908.05,249.9
2019-03-31 00:00:00,253322.17,,,,1057.77,43804.72,12823.59,108417.44,77365.19,3495.89,155867.46,5220.49,2151.41,2299.64,,STATE BANK OF INDIA,892.46,233603.2,3354288.72,299675.65,3888460.03,3888460.03,39940.76,762.3,1119269.82,2728487.15,3888460.03,3888460.03,,,225512.26,8924611534.0,,1.0,29556.01,219.51,447.64,30223.16,320.75
2020-03-31 00:00:00,269851.66,,,,1121.27,48861.7,13665.28,109260.45,98158.99,3661.56,161123.8,30316.59,12139.76,19767.8,,STATE BANK OF INDIA,892.46,250167.66,3607061.3,339364.31,4197485.73,4197485.73,39608.41,469.76,1228284.28,2929123.28,4197485.73,4197485.73,,,254315.26,8924611534.0,,1.0,23928.53,-555.05,5429.52,28803.0,196.85
2021-03-31 00:00:00,278115.48,,,,1116.5,54344.09,14050.25,123309.85,107222.41,3711.06,156010.17,32795.97,8516.25,22405.46,3569.84,STATE BANK OF INDIA,892.46,274669.1,4149127.45,420925.82,4845614.83,4845614.83,39698.61,468.18,1595100.27,3210347.77,4845614.83,4845614.83,,,347707.04,8924611534.0,,1.0,89918.93,-3669.83,7142.67,93391.77,364.3
2012-03-31 00:00:00,14766.6,9426.6,-116.9,266.8,484.6,2317.0,749.5,592.6,143.5,379.6,164.9,411.6,215.3,259.6,87.3,MOTHERSON SUMI SYSTEMS LTD,38.8,1832.5,4602.3,5492.2,11965.8,11965.8,4692.2,445.8,93.8,6734.0,11965.8,11965.8,3012.7,2249.6,455.7,387543800.0,,1.0,588.7,-1874.1,1380.0,94.6,24.54
2013-03-31 00:00:00,25298.4,16786.8,303.0,518.9,608.2,4282.7,1113.5,811.6,318.5,714.5,249.5,834.2,383.5,444.5,117.6,MOTHERSON SUMI SYSTEMS LTD,58.8,2230.2,4903.9,5546.4,12739.3,12739.3,5277.0,385.9,71.6,7004.8,12739.3,12739.3,2940.0,2603.6,594.4,587946240.0,195982080.0,1.0,1486.0,-1088.6,-255.8,141.6,38.35
2014-03-31 00:00:00,30414.4,19665.0,303.6,594.5,708.1,5106.4,1292.5,954.4,310.6,817.2,294.3,1596.2,499.4,765.0,220.5,MOTHERSON SUMI SYSTEMS LTD,88.2,2871.1,4839.7,7444.9,15243.9,15243.9,5918.9,647.1,74.9,8603.0,15243.9,15243.9,3238.4,3282.2,906.1,881919360.0,,1.0,2695.0,-1372.3,-1080.1,242.6,75.72
2015-03-31 00:00:00,34660.7,22404.4,772.9,615.2,757.4,6365.2,1481.8,965.7,211.6,920.6,317.8,1817.1,525.6,862.5,264.6,MOTHERSON SUMI SYSTEMS LTD,88.2,3235.6,5130.6,8970.7,17425.1,17425.1,6128.9,955.8,64.9,10275.5,17425.1,17425.1,3014.4,3750.0,1891.9,881919360.0,,1.0,3389.7,-2844.4,494.5,1039.8,152.58
2016-03-31 00:00:00,37216.3,22391.5,-17.8,622.8,862.2,7157.3,1565.0,1051.5,176.9,1087.2,345.0,2292.9,519.2,1292.3,330.75,MOTHERSON SUMI SYSTEMS LTD,132.3,4264.8,6068.7,9198.8,19664.6,19664.6,7146.9,1397.0,589.7,10531.0,19664.6,19664.6,4653.7,2285.0,1771.7,1322879040.0,440959680.0,1.0,2188.4,-1906.1,-263.2,19.1,118.42
2017-03-31 00:00:00,42375.5,25757.5,6.8,650.4,949.0,8090.9,1830.7,932.6,345.5,1059.1,374.9,3082.7,910.3,1554.3,280.8,MOTHERSON SUMI SYSTEMS LTD,140.4,8132.3,10349.3,13321.7,31943.7,31943.7,12192.6,1934.8,473.7,17342.6,31943.7,31943.7,4655.2,3071.6,4886.6,1403526327.0,,1.0,3799.7,-6145.3,5517.6,3172.0,165.29
2018-03-31 00:00:00,56302.8,34539.6,227.5,780.4,1440.0,11067.8,2301.9,1272.1,124.6,1575.2,410.8,3267.1,1007.2,1597.0,473.62,MOTHERSON SUMI SYSTEMS LTD,210.5,9673.6,10373.6,16716.4,36974.1,36974.1,14712.3,2584.9,791.6,18885.3,36974.1,36974.1,5623.6,4013.2,2781.5,2105289491.0,701763164.0,1.0,3264.0,-3194.1,-2221.4,-2151.5,207.3
2019-03-31 00:00:00,63522.9,36903.4,165.1,976.3,1759.2,14169.4,2760.0,1771.3,333.3,2058.2,423.2,3200.3,1102.2,1613.1,473.7,MOTHERSON SUMI SYSTEMS LTD,315.8,10646.9,11534.2,20257.1,42754.0,42754.0,18422.7,1066.8,855.4,22409.1,42754.0,42754.0,6166.3,4663.4,3546.9,3157934237.0,1052644746.0,1.0,4312.4,-3318.5,-224.6,769.3,149.7
2020-03-31 00:00:00,60728.9,34995.0,26.2,990.5,1469.0,14372.6,2388.1,1885.9,642.4,2721.0,592.8,1982.6,688.1,1170.1,473.7,MOTHERSON SUMI SYSTEMS LTD,315.8,10945.1,13136.4,20635.8,45033.1,45033.1,20750.1,851.8,796.1,22635.1,45033.1,45033.1,5178.4,5156.6,4878.9,3157934237.0,,1.0,6352.0,-2220.2,-2802.9,1328.9,61.05
2021-03-31 00:00:00,57369.9,32779.1,181.2,919.7,1405.3,14099.6,2173.1,1804.3,567.5,2926.0,511.5,1500.0,-69.4,1039.2,473.7,MOTHERSON SUMI SYSTEMS LTD,315.8,12244.8,11929.6,23258.5,47748.7,47748.7,20099.1,876.9,846.5,25926.2,47748.7,47748.7,5693.1,4995.6,5906.2,3157934237.0,,1.0,5051.3,-1886.0,-2097.5,1067.8,201.45
2016-03-31 00:00:00,1128.67,752.99,0.35,25.38,23.03,33.79,29.77,56.33,25.88,52.47,42.67,138.47,56.98,81.48,43.65,ADANI TOTAL GAS LTD,256.74,357.25,474.78,345.27,1434.04,1434.04,757.44,157.02,48.75,470.83,1434.04,1434.04,39.28,38.7,12.14,256742040.0,,10.0,255.01,-412.74,39.41,-118.32,
2017-03-31 00:00:00,1087.0,678.66,-0.41,22.69,25.98,39.38,36.69,4.81,-21.85,56.17,44.27,156.09,54.9,101.19,,ADANI TOTAL GAS LTD,256.74,458.1,549.1,395.86,1659.8,1659.8,831.8,86.65,90.53,650.82,1659.8,1659.8,56.21,38.69,15.67,256742040.0,,10.0,258.38,-303.25,50.17,5.3,
2018-03-31 00:00:00,1373.66,800.22,-0.64,26.8,101.64,38.91,33.89,6.02,79.77,61.01,125.33,258.97,94.39,164.58,,ADANI TOTAL GAS LTD,256.74,768.94,1344.65,441.72,2812.05,2812.05,896.72,101.83,189.25,1624.25,2812.05,2812.05,141.16,42.16,24.48,256742040.0,,10.0,276.86,-987.65,778.84,68.05,
2019-03-31 00:00:00,1718.96,1087.21,-5.44,32.29,33.24,42.07,57.81,5.93,58.71,67.31,89.85,356.52,127.81,228.71,27.5,ADANI TOTAL GAS LTD,109.98,1001.5,393.92,552.24,2057.64,2057.64,980.18,190.47,185.5,701.49,2057.64,2057.64,82.79,43.96,159.76,1099810083.0,,1.0,356.1,791.01,-1077.14,69.97,128.7
2020-03-31 00:00:00,1874.55,1059.63,-0.34,35.39,40.53,47.8,90.41,5.69,44.39,50.7,41.05,547.4,111.16,436.24,27.5,ADANI TOTAL GAS LTD,109.98,1370.34,428.22,577.22,2485.76,2485.76,1198.01,342.06,291.0,654.69,2485.76,2485.76,61.17,41.3,89.47,1099810083.0,,1.0,492.4,-460.99,-102.04,-70.63,86.35
2021-03-31 00:00:00,1695.6,770.7,1.08,27.1,53.51,51.79,81.03,8.23,29.89,62.52,40.48,631.21,159.26,471.95,27.5,ADANI TOTAL GAS LTD,109.98,1842.44,529.07,740.76,3222.25,3222.25,1379.3,696.48,435.94,710.53,3222.25,3222.25,103.68,52.01,10.87,1099810083.0,,1.0,653.5,-770.5,38.61,-78.39,961.25
2012-03-31 00:00:00,1915.2,,,18.3,70.9,1226.1,202.4,104.5,38.5,69.5,0.5,261.5,43.0,218.5,16.2,MINDTREE LTD,40.5,916.7,44.9,332.5,1334.6,1334.6,259.1,8.5,308.2,758.8,1334.6,1334.6,407.8,,60.2,40543923.0,,10.0,206.3,-228.5,36.5,14.3,122.33
2013-03-31 00:00:00,2361.8,,,20.6,93.6,1427.4,194.4,173.4,35.0,62.4,1.0,424.0,84.7,339.3,49.8,MINDTREE LTD,41.5,1272.2,25.4,351.9,1691.0,1691.0,258.9,57.1,425.7,949.3,1691.0,1691.0,450.8,,125.2,41535055.0,,10.0,266.4,-188.9,-12.5,65.0,228.64
2014-03-31 00:00:00,3031.6,,,25.5,147.6,1782.0,319.9,146.6,49.6,80.9,0.4,578.3,127.5,450.8,104.25,MINDTREE LTD,41.7,1598.8,3.2,455.7,2099.4,2099.4,343.6,49.6,533.5,1172.7,2099.4,2099.4,600.4,,118.4,41689731.0,,10.0,321.9,-217.4,-111.3,-6.8,330.29
2015-03-31 00:00:00,3561.9,,,27.5,264.4,2071.0,336.1,153.7,83.5,101.8,0.1,690.8,154.5,536.3,142.29,MINDTREE LTD,83.7,1928.7,2.8,639.7,2654.9,2654.9,555.5,35.4,535.1,1528.9,2654.9,2654.9,696.3,,376.3,83732372.0,41765661.0,10.0,598.3,-202.8,-137.6,257.9,651.83
2016-03-31 00:00:00,4673.0,,,31.6,372.5,2799.1,443.8,205.0,83.9,165.8,16.0,723.1,170.6,552.5,268.48,MINDTREE LTD,167.8,2247.1,43.8,818.2,3276.9,3276.9,1162.0,23.2,232.8,1858.9,3276.9,3276.9,972.8,,233.2,167786176.0,83893088.0,10.0,421.4,-416.5,-172.0,-167.1,653.25
2017-03-31 00:00:00,5236.4,,,31.3,400.3,3412.5,472.8,215.0,55.3,185.8,19.1,554.9,136.3,418.6,168.0,MINDTREE LTD,168.0,2409.1,99.6,713.9,3390.6,3390.6,1022.0,19.2,592.7,1756.7,3390.6,3390.6,896.2,,250.8,168025546.0,,10.0,653.5,-458.8,-137.6,57.1,452.95
2018-03-31 00:00:00,5462.8,,,28.9,442.0,3564.1,488.4,198.9,190.2,171.5,16.9,742.3,172.2,570.1,180.29,MINDTREE LTD,163.9,2577.5,301.4,693.7,3736.5,3736.5,956.8,9.2,726.4,2044.1,3736.5,3736.5,1015.5,,328.9,163926311.0,,10.0,564.4,-200.2,-287.5,76.7,771.95
2019-03-31 00:00:00,7021.5,,,30.2,636.3,4421.2,584.5,284.8,89.3,164.1,2.9,986.8,232.7,754.1,541.86,MINDTREE LTD,164.2,3141.9,1.0,871.9,4179.0,4179.0,966.9,29.7,803.6,2378.8,4179.0,4179.0,1335.6,,256.2,164214041.0,,10.0,630.5,-180.0,-522.1,-71.6,944.5
2020-03-31 00:00:00,7764.3,,,31.3,781.6,5064.7,516.4,288.8,75.6,275.4,52.9,828.8,197.9,630.9,213.98,MINDTREE LTD,164.6,2992.2,566.8,1433.0,5156.6,5156.6,1409.2,13.6,774.8,2959.0,5156.6,5156.6,1438.9,,587.0,164574066.0,,10.0,825.1,5.9,-696.0,135.0,828.7
2021-03-31 00:00:00,7967.8,,,16.8,756.9,5113.2,262.5,161.7,151.7,259.6,50.4,1498.4,387.9,1110.5,411.75,MINDTREE LTD,164.7,4154.3,537.7,1504.7,6361.4,6361.4,1275.8,22.4,2046.8,3016.4,6361.4,6361.4,1274.2,,759.7,164719766.0,,10.0,1996.0,-1204.7,-422.5,368.8,2083.9
2012-03-31 00:00:00,3182.02,,,23.73,251.31,1863.85,340.09,13.6,9.91,104.86,34.24,560.25,140.91,419.34,254.85,LARSEN & TOUBRO INFOTECH LTD,16.13,1089.24,268.84,715.1,2089.31,2089.31,632.21,107.57,59.05,1290.48,2089.31,2089.31,684.55,,132.11,32250000.0,,5.0,336.32,-97.12,-253.33,-14.13,
2013-03-31 00:00:00,3851.44,,,28.31,289.87,2249.04,390.54,23.49,22.4,123.17,20.81,748.61,186.95,561.61,303.24,LARSEN & TOUBRO INFOTECH LTD,16.13,1322.67,233.64,755.73,2328.17,2328.17,699.07,142.36,48.66,1438.08,2328.17,2328.17,741.05,,119.37,32250000.0,,5.0,607.65,-224.18,-396.21,-12.74,
2014-03-31 00:00:00,4920.5,,,30.95,480.69,2758.54,482.91,20.31,217.1,129.98,30.53,1203.69,207.22,996.41,551.65,LARSEN & TOUBRO INFOTECH LTD,16.13,1594.17,110.01,945.42,2665.73,2665.73,648.78,56.72,168.78,1791.45,2665.73,2665.73,930.99,,158.91,32250000.0,,5.0,627.86,180.33,-768.65,39.54,
2015-03-31 00:00:00,4978.04,,,29.03,483.4,2924.72,498.47,37.24,98.69,157.94,10.42,935.51,166.79,768.53,480.67,LARSEN & TOUBRO INFOTECH LTD,16.13,2010.22,217.53,734.17,2978.05,2978.05,683.43,25.18,103.55,2165.89,2978.05,2978.05,1090.12,,200.92,32250000.0,,5.0,642.25,-102.86,-497.38,42.01,
2016-03-31 00:00:00,5846.4,,,34.8,720.9,3527.3,475.5,60.4,187.0,174.0,5.8,1034.7,198.2,836.3,599.25,LARSEN & TOUBRO INFOTECH LTD,17.0,2107.5,54.6,958.3,3137.4,3137.4,637.6,19.5,42.9,2437.4,3137.4,3137.4,1166.1,,203.5,169816188.0,,1.0,858.5,-39.7,-816.9,1.9,
2017-03-31 00:00:00,6500.9,,,31.8,437.9,3715.3,943.5,142.2,186.7,177.9,3.2,1235.8,264.9,970.7,283.0,LARSEN & TOUBRO INFOTECH LTD,17.1,3127.2,,1273.0,4417.3,4417.3,541.9,1.3,940.6,2933.5,4417.3,4417.3,1169.7,,379.5,170571113.0,,1.0,1169.6,-960.9,-32.7,176.0,714.85
2018-03-31 00:00:00,7306.5,,,33.0,1000.5,4328.9,530.8,225.9,426.1,156.3,15.7,1441.5,329.1,1112.0,369.8,LARSEN & TOUBRO INFOTECH LTD,17.2,3842.6,,1476.8,5336.6,5336.6,680.6,6.8,1264.4,3384.8,5336.6,5336.6,1396.2,,363.3,171999263.0,,1.0,843.8,-452.4,-407.6,-16.2,1340.7
2019-03-31 00:00:00,9445.8,,,31.0,1231.6,5468.9,725.1,105.9,302.3,147.2,10.6,2027.8,512.3,1515.9,487.2,LARSEN & TOUBRO INFOTECH LTD,17.4,4876.4,,1769.8,6663.6,6663.6,929.9,11.5,1740.3,3981.9,6663.6,6663.6,1826.3,,415.0,173510084.0,,1.0,1395.1,-749.1,-594.3,51.7,1702.6
2020-03-31 00:00:00,10878.6,,,32.9,1494.2,6519.1,678.7,124.4,329.2,273.0,82.6,2002.9,482.4,1520.1,487.2,LARSEN & TOUBRO INFOTECH LTD,17.4,5386.6,911.9,2498.9,8814.8,8814.8,1919.7,59.2,2218.8,4617.1,8814.8,8814.8,2312.1,,525.2,174126769.0,,1.0,1643.5,-643.3,-890.0,110.2,1428.85
2021-03-31 00:00:00,12369.8,,,20.8,1654.7,7431.5,453.9,83.8,274.4,332.5,78.8,2588.2,650.0,1936.1,700.0,LARSEN & TOUBRO INFOTECH LTD,17.5,7285.9,798.3,2603.9,10705.6,10705.6,1906.0,66.2,3729.5,5003.9,10705.6,10705.6,2083.5,,759.4,174750608.0,,1.0,2399.6,-1656.6,-508.8,234.2,4054.3
2012-03-31 00:00:00,3013.61,1869.5,52.05,141.45,205.81,93.83,210.78,32.24,4.04,86.39,29.28,400.42,131.48,268.94,14.5,BALKRISHNA INDUSTRIES LTD,19.33,1090.75,1709.22,392.24,3211.54,3211.54,873.05,476.74,2.45,1859.3,3211.54,3211.54,490.03,498.54,369.84,96658595.0,,2.0,75.65,-687.73,969.67,357.59,131.21
2013-03-31 00:00:00,3390.38,1930.6,35.92,167.56,233.41,133.84,261.73,30.15,4.51,112.2,27.52,533.8,183.89,349.9,14.5,BALKRISHNA INDUSTRIES LTD,19.33,1423.67,2163.98,543.75,4150.73,4150.73,1335.33,1012.55,3.32,1799.53,4150.73,4150.73,519.67,456.74,277.97,96658595.0,,2.0,549.34,-1010.96,369.75,-91.87,137.27
2014-03-31 00:00:00,3768.27,1834.78,12.89,168.73,267.92,168.64,338.73,112.35,13.9,170.28,27.46,706.17,231.55,474.62,19.33,BALKRISHNA INDUSTRIES LTD,19.33,1875.75,2438.52,687.7,5021.3,5021.3,2389.0,564.86,370.19,1697.25,5021.3,5021.3,613.76,568.4,14.93,96658595.0,,2.0,601.67,-1229.61,364.9,-263.04,242.4
2015-03-31 00:00:00,3813.08,1962.87,-15.5,175.54,292.34,227.4,388.43,23.63,277.44,243.7,47.77,713.34,240.77,472.57,23.2,BALKRISHNA INDUSTRIES LTD,19.33,2256.65,2357.84,684.53,5318.35,5318.35,2415.39,634.04,444.06,1824.86,5318.35,5318.35,581.15,411.41,434.21,96658595.0,,2.0,984.13,-434.64,-130.22,419.27,323.0
2016-03-31 00:00:00,3236.58,1396.02,-23.17,118.54,252.15,235.03,320.64,25.19,130.58,282.32,39.85,674.25,228.53,445.72,53.16,BALKRISHNA INDUSTRIES LTD,19.33,2755.5,1898.3,725.27,5398.4,5398.4,2858.78,231.07,835.87,1472.68,5398.4,5398.4,384.95,398.26,329.96,96658595.0,,2.0,1071.95,-551.82,-625.28,-105.15,315.7
2017-03-31 00:00:00,3723.3,1585.06,5.43,129.8,237.31,256.98,348.5,40.11,253.63,304.0,22.0,1058.6,341.75,716.85,77.32,BALKRISHNA INDUSTRIES LTD,19.33,3523.53,1390.87,855.35,5789.08,5789.08,2848.73,109.67,1349.19,1481.49,5789.08,5789.08,411.67,476.12,24.81,96658595.0,,2.0,846.85,-563.21,-589.34,-305.7,693.08
2018-03-31 00:00:00,4443.79,2194.44,51.22,176.26,308.17,280.04,381.34,52.2,339.71,311.4,14.83,1116.04,380.25,735.79,154.64,BALKRISHNA INDUSTRIES LTD,38.66,4044.73,867.47,927.35,5878.21,5878.21,2849.14,118.66,1102.67,1807.74,5878.21,5878.21,479.63,618.87,33.43,193317190.0,96658595.0,2.0,749.94,-92.28,-653.8,3.86,1068.65
2019-03-31 00:00:00,5209.99,2503.67,59.55,186.87,362.82,299.3,557.77,52.88,215.38,332.61,12.44,1176.56,402.91,773.65,154.64,BALKRISHNA INDUSTRIES LTD,38.66,4615.0,871.14,954.21,6479.01,6479.01,2786.25,600.41,1082.55,2009.8,6479.01,6479.01,517.1,758.71,65.63,193317190.0,,2.0,820.41,-636.02,-164.68,19.71,995.5
2020-03-31 00:00:00,4811.24,2079.52,-59.23,164.26,287.36,328.74,572.91,45.28,249.98,373.61,10.79,1139.52,179.87,959.65,386.6,BALKRISHNA INDUSTRIES LTD,38.66,4969.62,932.0,866.07,6806.35,6806.35,3307.51,586.59,1062.5,1849.75,6806.35,6806.35,589.86,615.64,69.08,193317190.0,,2.0,1173.14,-677.8,-494.69,0.65,791.65
2021-03-31 00:00:00,5783.19,2455.04,144.0,173.78,384.85,371.14,682.86,48.03,171.49,416.3,11.76,1554.92,377.39,1177.53,328.61,BALKRISHNA INDUSTRIES LTD,38.66,5961.16,1001.12,1165.55,8166.49,8166.49,3370.32,855.52,1417.65,2523.0,8166.49,8166.49,753.59,939.72,77.97,193317190.0,,2.0,1339.03,-1172.87,-158.06,8.1,1688.5
2012-03-31 00:00:00,9231.25,5117.61,172.95,87.41,985.76,529.67,1855.87,-683.3,107.41,121.13,43.38,1454.08,433.5,988.73,383.68,ASIAN PAINTS LTD,95.92,2652.58,341.11,2622.58,5712.19,5712.19,1300.55,617.08,354.74,3439.82,5712.19,5712.19,781.25,1598.89,624.31,95919779.0,,10.0,709.98,-385.61,-326.58,-2.21,324.2
2013-03-31 00:00:00,10503.91,5636.23,149.56,114.71,1107.31,627.59,2273.91,-843.67,114.48,154.6,42.06,1655.21,495.69,1113.88,441.23,ASIAN PAINTS LTD,95.92,3288.37,250.96,3149.25,6784.5,6784.5,2440.97,59.21,295.68,3988.64,6784.5,6784.5,980.88,1830.29,736.69,95919779.0,,10.0,1186.79,-463.2,-601.0,122.59,491.73
2014-03-31 00:00:00,12220.37,6339.75,90.28,133.74,1292.18,763.59,2826.43,-1048.7,124.26,245.66,47.99,1834.27,571.51,1218.81,508.38,ASIAN PAINTS LTD,95.92,3943.3,249.15,3787.03,8075.4,8075.4,2561.58,71.6,1423.55,4018.67,8075.4,8075.4,1110.3,2069.86,229.0,959197800.0,,1.0,1402.03,-585.99,-625.91,190.13,547.95
2015-03-31 00:00:00,13615.26,8119.54,148.07,130.68,259.76,936.86,3370.79,-1297.19,142.14,265.92,42.24,2076.87,649.54,1395.15,585.11,ASIAN PAINTS LTD,95.92,4646.44,418.17,3753.97,8914.5,8914.5,2660.04,196.0,1587.79,4470.67,8914.5,8914.5,1182.07,2258.52,204.39,959197790.0,,1.0,1187.69,-464.99,-576.09,146.61,811.3
2016-03-31 00:00:00,14271.49,7850.32,-199.33,114.48,254.73,994.98,3946.74,-1814.13,213.39,275.58,49.0,2613.85,844.49,1745.16,719.4,ASIAN PAINTS LTD,95.92,6428.9,323.29,3710.92,10559.03,10559.03,3416.35,106.59,2712.13,4323.96,10559.03,10559.03,1186.84,1998.24,424.2,959197790.0,,1.0,2242.95,-866.21,-848.98,527.76,868.4
2017-03-31 00:00:00,15061.99,7452.6,528.6,106.02,1662.75,1039.89,4364.04,-2028.47,337.9,334.79,37.33,2959.54,943.29,1939.43,987.98,ASIAN PAINTS LTD,95.92,7507.97,560.34,4240.96,12405.19,12405.19,3303.74,257.54,2651.99,6191.92,12405.19,12405.19,1446.6,2626.94,801.21,959197790.0,,1.0,1527.33,-681.11,-756.43,89.79,1073.5
2018-03-31 00:00:00,16824.55,8128.17,-142.13,110.3,1691.68,1121.89,2254.92,171.45,336.41,360.47,41.47,3138.48,1040.96,2038.93,834.5,ASIAN PAINTS LTD,95.92,8314.31,533.43,4819.82,13763.48,13763.48,3732.24,1405.11,2140.7,6485.43,13763.48,13763.48,1730.63,2658.31,404.65,959197790.0,,1.0,2113.44,-1556.14,-1379.14,-821.84,1120.4
2019-03-31 00:00:00,19240.13,9974.4,293.26,119.63,1862.35,1242.69,2366.87,202.51,273.77,622.14,110.47,3306.1,1098.06,2155.92,1007.16,ASIAN PAINTS LTD,95.92,9374.63,1319.6,5458.69,16248.84,16248.84,6496.56,209.67,2568.58,6974.03,16248.84,16248.84,1907.33,3149.86,444.88,959197790.0,,1.0,2469.54,-917.79,-1117.46,434.29,1492.7
2020-03-31 00:00:00,20211.25,9981.99,239.15,97.79,1946.12,1371.27,2311.51,584.9,355.05,780.5,102.33,3629.04,854.85,2705.17,1151.04,ASIAN PAINTS LTD,95.92,10034.24,1118.5,4889.31,16137.97,16137.97,6272.31,140.24,2018.85,7706.57,16137.97,16137.97,1795.22,3389.81,782.83,959197790.0,,1.0,3038.15,-517.91,-2871.46,-351.22,1666.5
2021-03-31 00:00:00,21712.79,10425.55,92.45,86.05,2068.31,1547.61,2245.69,576.43,331.65,791.27,91.63,4304.35,1097.6,3139.29,1712.17,ASIAN PAINTS LTD,95.92,12710.37,1093.12,6455.93,20355.34,20355.34,5858.52,182.98,4736.8,9577.04,20355.34,20355.34,2602.17,3798.6,610.75,959197790.0,,1.0,3683.35,-540.54,-650.4,2492.41,2537.4
2012-03-31 00:00:00,21994.9,,,,538.23,2255.04,1367.21,2734.29,5487.19,348.15,13969.18,6269.99,2051.48,4219.78,661.12,AXIS BANK LTD,413.2,22268.51,254059.35,8675.45,285416.51,285416.51,2204.32,79.82,92921.44,190210.93,285416.51,285416.51,,,13934.23,413203952.0,,10.0,-9904.28,-4840.34,7270.19,-7474.43,229.24
2013-03-31 00:00:00,27201.98,,,,596.04,2677.19,1562.68,3702.12,6832.8,358.77,17513.39,7624.59,2390.8,5234.76,842.31,AXIS BANK LTD,467.95,32690.42,296254.22,11145.14,340557.73,340557.73,2244.91,142.42,113378.06,224792.34,340557.73,340557.73,,,20499.92,467954468.0,,10.0,2573.38,-10939.09,14931.4,6565.69,260.14
2014-03-31 00:00:00,30735.96,,,,642.53,2974.36,1671.32,4656.16,7766.25,375.46,18702.97,9479.41,3170.25,6310.12,939.68,AXIS BANK LTD,469.84,37926.2,333280.29,14673.73,386350.06,386350.06,2345.64,101.62,113092.78,270810.02,386350.06,386350.06,,,28582.16,469844553.0,,10.0,14463.6,-14165.88,7784.52,8082.24,292.1
2015-03-31 00:00:00,35727.46,,,,753.16,3617.9,1746.62,5403.74,8838.11,419.64,21341.26,11283.25,3834.76,7447.9,1090.43,AXIS BANK LTD,474.1,44475.49,406637.67,15655.71,467242.97,467242.97,2446.72,105.18,118526.63,346164.44,467242.97,467242.97,,,36492.1,2370522199.0,,2.0,-15162.5,-7972.38,31044.82,7909.94,560.2
2016-03-31 00:00:00,41409.25,,,,736.13,4022.38,1640.09,7470.05,9954.98,461.39,24344.23,12689.96,4332.38,8349.67,1191.42,AXIS BANK LTD,476.57,53082.19,472149.92,20677.94,546386.62,546386.62,3357.87,215.89,131398.64,411414.22,546386.62,546386.62,,,33702.81,2382831826.0,,2.0,-34494.68,9210.7,22494.69,-2789.29,444.15
2017-03-31 00:00:00,45175.09,,,,880.53,4745.48,2126.47,16574.38,12421.6,526.67,26789.35,5953.81,1986.78,3953.03,1197.52,AXIS BANK LTD,479.01,55901.34,527437.44,27644.22,611462.01,611462.01,3518.14,292.1,129018.35,478633.42,611462.01,611462.01,,,50966.12,2395036109.0,,2.0,32208.62,-12458.4,-2486.91,17263.31,490.8
2018-03-31 00:00:00,46614.06,,,,878.06,5417.98,2354.92,21065.57,11862.62,590.58,27603.69,565.88,101.86,455.82,,AXIS BANK LTD,513.31,63694.1,611424.85,28071.11,703703.37,703703.37,3697.03,351.79,153036.71,546617.84,703703.37,703703.37,,,43910.81,2566538936.0,,2.0,-38390.3,-10007.1,41342.09,-7055.3,510.5
2019-03-31 00:00:00,56043.65,,,,1093.22,5994.16,2483.83,18448.5,14188.75,737.17,33883.47,7592.05,2544.96,5038.59,257.16,AXIS BANK LTD,514.33,67288.29,711995.77,34247.58,814045.97,814045.97,3842.12,287.76,174055.85,635860.24,814045.97,814045.97,,,68004.31,2571644871.0,,2.0,37125.25,-18674.35,5642.6,24093.5,777.25
2020-03-31 00:00:00,63715.68,,,,1186.04,5823.4,2640.63,26325.54,16341.99,806.07,37995.94,5280.05,3401.29,1853.11,,AXIS BANK LTD,564.34,85776.09,797337.38,44194.0,927871.81,927871.81,3911.74,482.6,155281.63,768195.84,927871.81,927871.81,,,97799.77,2821677934.0,,2.0,30415.64,-9485.3,8865.13,29795.47,379.0
2021-03-31 00:00:00,64696.42,,,,1245.68,6773.02,2942.37,24230.96,16151.52,979.39,34926.44,9750.08,2497.69,7195.5,,AXIS BANK LTD,612.75,102980.95,859872.14,46859.49,1010325.33,1010325.33,4211.35,118.34,225335.77,780659.87,1010325.33,1010325.33,,,63424.35,3063748652.0,,2.0,12632.88,-54287.63,7279.33,-34375.42,697.45
2012-06-30 00:00:00,20830.55,684.83,72.84,193.05,511.52,11104.55,4298.39,415.88,206.5,549.24,142.63,3209.8,782.72,2422.7,831.96,HCL TECHNOLOGIES LTD,138.66,9696.43,2179.43,6323.27,18337.79,18337.79,6453.1,578.47,673.2,10633.02,18337.79,18337.79,3875.66,226.16,1947.69,693283476.0,,2.0,2418.08,-1026.27,-1238.84,152.97,119.12
2013-06-30 00:00:00,25581.06,975.46,16.12,228.58,3317.67,12574.17,2238.12,582.74,331.83,636.76,105.62,5269.89,1225.31,4040.09,836.22,HCL TECHNOLOGIES LTD,139.37,13019.61,1044.41,8195.93,22399.32,22399.32,6752.54,493.84,713.04,14439.9,22399.32,22399.32,4497.15,231.5,3577.11,696869900.0,,2.0,4491.65,-2361.47,-2086.15,44.03,194.0
2014-06-30 00:00:00,32143.66,920.92,-108.06,241.99,4919.96,14906.36,2602.09,408.99,677.4,680.86,114.5,7917.33,1409.57,6509.51,700.0,HCL TECHNOLOGIES LTD,140.0,19402.18,1018.05,9419.46,29979.69,29979.69,7443.94,530.95,661.69,21343.11,29979.69,29979.69,5682.84,122.3,8807.3,699976400.0,,2.0,6456.78,-4842.28,-1307.97,306.53,375.04
2015-06-30 00:00:00,36701.22,1306.38,35.65,264.88,5860.79,17726.43,2853.17,239.15,1125.97,403.75,91.23,9117.06,1815.11,7317.07,4218.0,HCL TECHNOLOGIES LTD,281.2,23943.19,647.76,10372.52,35244.67,35244.67,8275.27,551.52,869.39,25548.49,35244.67,35244.67,6538.69,157.61,9786.23,1405978400.0,702848000.0,2.0,5539.2,-2087.57,-3140.34,311.29,459.88
2016-03-31 00:00:00,31135.94,812.73,108.75,210.53,5632.96,15203.25,2205.52,526.15,870.89,409.86,73.9,7040.68,1439.0,5602.43,2256.64,HCL TECHNOLOGIES LTD,282.08,27108.64,1090.36,10859.52,39340.6,39340.6,9716.09,610.9,698.38,28315.23,39340.6,39340.6,7721.14,264.48,9334.6,1410381314.0,,2.0,3822.62,-2208.43,-2237.09,-622.9,407.05
2017-03-31 00:00:00,47568.0,826.0,11.0,307.0,9286.0,22866.0,2988.0,916.0,1069.0,828.0,89.0,10542.0,1936.0,8606.0,3420.0,HCL TECHNOLOGIES LTD,285.0,32664.0,582.0,12231.0,45762.0,45762.0,15235.0,448.0,1306.0,28773.0,45762.0,45762.0,8301.0,276.0,9044.0,1426783424.0,,2.0,8995.0,-3890.0,-4517.0,588.0,437.38
2018-03-31 00:00:00,50569.0,1251.0,-104.0,313.0,9388.0,24729.0,2810.0,728.0,1230.0,1383.0,69.0,11024.0,2302.0,8721.0,1668.0,HCL TECHNOLOGIES LTD,278.0,36108.0,557.0,11046.0,47989.0,47989.0,18753.0,320.0,2660.0,26256.0,47989.0,47989.0,9639.0,172.0,4018.0,1392246384.0,,2.0,8328.0,-2236.0,-5714.0,378.0,484.3
2019-03-31 00:00:00,60427.0,1615.0,-81.0,336.0,10862.0,29283.0,3519.0,805.0,943.0,2073.0,174.0,12622.0,2502.0,10120.0,1084.0,HCL TECHNOLOGIES LTD,271.0,41095.0,4195.0,12788.0,58349.0,58349.0,22888.0,235.0,2305.0,32921.0,58349.0,58349.0,11706.0,91.0,7872.0,1356278868.0,,2.0,8971.0,-3256.0,-1471.0,4244.0,543.73
2020-03-31 00:00:00,70676.0,1536.0,,307.0,12324.0,34928.0,3050.0,1215.0,589.0,3420.0,505.0,13980.0,2923.0,11057.0,2715.0,HCL TECHNOLOGIES LTD,543.0,50724.0,7986.0,23566.0,82819.0,82819.0,37490.0,400.0,7066.0,37863.0,82819.0,82819.0,14131.0,91.0,4976.0,2713665096.0,,2.0,13359.0,-12332.0,-3168.0,-2141.0,436.4
2021-03-31 00:00:00,75379.0,1698.0,3.0,275.0,11873.0,38853.0,1681.0,954.0,927.0,4611.0,511.0,15853.0,4684.0,11145.0,2715.0,HCL TECHNOLOGIES LTD,543.0,59370.0,6501.0,19633.0,86047.0,86047.0,37145.0,312.0,6862.0,41728.0,86047.0,86047.0,13663.0,94.0,8888.0,2713665096.0,,2.0,19618.0,-5677.0,-11180.0,2761.0,982.65
2012-03-31 00:00:00,7020.71,2733.65,-5.65,235.35,546.88,772.59,873.67,157.21,102.66,312.22,38.34,1447.81,306.51,1144.24,160.58,CIPLA LTD,160.58,7478.35,29.17,1681.68,9349.78,9349.78,3215.49,371.17,1269.11,4494.01,9349.78,9349.78,1553.58,1850.08,90.46,802921357.0,,2.0,1712.76,-965.1,-753.17,-5.51,305.1
2013-03-31 00:00:00,8279.33,3243.21,290.6,233.12,498.37,1036.12,1006.14,338.53,245.32,330.48,33.91,2095.37,544.31,1544.85,160.58,CIPLA LTD,160.58,8858.1,967.07,1672.02,11657.77,11657.77,3609.97,377.79,2532.44,5137.57,11657.77,11657.77,1668.84,2387.07,143.01,803924800.0,,2.0,1397.67,-2062.89,717.77,52.55,379.75
2014-03-31 00:00:00,10173.39,3939.08,64.25,218.63,538.58,1543.09,1434.09,417.23,251.48,372.64,145.74,1880.04,463.38,1388.41,160.58,CIPLA LTD,160.58,9889.77,1247.91,2102.1,13400.36,13400.36,6496.47,441.84,708.57,5753.48,13400.36,13400.36,1638.89,2895.26,175.76,802921400.0,,2.0,1563.31,-1264.93,-265.63,32.75,382.8
2015-03-31 00:00:00,11345.44,4533.92,344.22,228.28,706.06,1973.86,1600.96,483.71,164.38,504.71,168.29,1654.25,400.03,1180.77,160.59,CIPLA LTD,160.59,10628.65,1703.33,3177.85,15670.42,15670.42,6829.64,580.9,639.78,7620.1,15670.42,15670.42,1997.72,3780.62,564.26,802960440.0,,2.0,1173.43,-949.71,164.78,388.5,712.45
2016-03-31 00:00:00,13790.1,5026.31,-63.55,245.92,1000.01,2436.43,1901.58,636.63,208.21,754.22,206.63,1727.03,331.59,1359.99,160.68,CIPLA LTD,160.68,11355.54,5201.92,4331.35,21049.49,21049.49,9368.32,2060.87,758.69,8861.61,21049.49,21049.49,2356.27,3808.05,871.4,803384282.0,,2.0,1740.81,-4532.56,3104.06,312.31,511.95
2017-03-31 00:00:00,14394.29,5206.16,-110.96,251.73,912.5,2640.82,2150.79,625.02,208.17,1322.93,159.38,1222.17,179.76,1006.39,160.9,CIPLA LTD,160.9,12382.76,4112.66,4212.62,20868.94,20868.94,9491.98,1682.98,973.01,8720.97,20868.94,20868.94,2563.05,3485.28,624.21,804510074.0,,2.0,2381.76,-1303.88,-1325.68,-247.8,592.95
2018-03-31 00:00:00,15155.71,5671.36,232.94,298.82,952.02,2699.32,2344.76,595.99,280.13,1322.82,114.23,1669.46,250.11,1410.53,241.53,CIPLA LTD,161.02,14068.17,4098.05,4345.66,22672.9,22672.9,9950.17,981.33,1258.84,10482.56,22672.9,22672.9,3102.45,4044.7,965.61,805119164.0,,2.0,1462.76,-834.17,-385.48,243.11,545.45
2019-03-31 00:00:00,16362.41,5737.45,-47.04,335.11,928.08,2866.09,2725.09,626.24,476.57,1326.31,168.43,2079.14,569.53,1527.7,241.71,CIPLA LTD,161.14,14851.14,4316.23,4433.4,23761.91,23761.91,9608.36,676.18,2554.14,10923.23,23761.91,23761.91,4150.72,3964.83,618.81,805701266.0,,2.0,1691.15,-1687.53,-348.72,-345.1,528.9
2020-03-31 00:00:00,17131.99,6236.18,244.76,327.43,1017.51,3036.41,2886.29,666.94,344.2,1174.65,197.36,2178.18,631.2,1546.52,322.5,CIPLA LTD,161.25,15601.75,2816.43,4843.36,23422.79,23422.79,9682.89,824.53,1471.02,11444.35,23422.79,23422.79,3891.31,4377.6,1003.91,806235329.0,,2.0,3068.45,114.39,-2948.82,234.02,422.85
2021-03-31 00:00:00,19159.59,7544.6,192.71,308.26,1073.6,3261.85,2407.34,504.22,265.99,1067.66,160.7,3290.06,888.76,2404.87,403.22,CIPLA LTD,161.29,18165.24,1755.56,4773.19,24855.28,24855.28,9515.52,968.89,2710.05,11660.82,24855.28,24855.28,3445.68,4669.18,1401.23,806463279.0,,2.0,3755.2,-2374.39,-1329.9,50.91,815.1
2012-03-31 00:00:00,44093.18,32102.49,497.76,1905.31,1279.63,806.48,797.24,660.14,722.21,1040.59,366.43,6354.84,1954.01,4443.61,1103.58,GAIL (INDIA) LTD,1268.48,23646.05,11505.63,11478.6,47898.76,47898.76,19862.81,14704.52,1183.43,12148.0,47898.76,47898.76,2269.13,1752.86,1446.22,1268477400.0,,10.0,5111.31,-9443.11,3193.67,-1138.13,105.83
2013-03-31 00:00:00,50973.73,38077.96,57.79,1753.36,1571.88,979.25,820.59,401.32,886.69,1318.69,437.31,6557.85,2241.18,4373.6,1217.74,GAIL (INDIA) LTD,1268.48,27526.18,16472.32,14541.65,59808.63,59808.63,24303.4,18376.08,1253.52,15875.63,59808.63,59808.63,2767.23,1919.86,3064.62,1268477400.0,,10.0,6603.04,-8626.34,3641.7,1618.4,89.51
2014-03-31 00:00:00,61764.56,48604.32,626.45,1921.48,1336.97,1042.56,1121.8,376.01,1247.48,1644.22,668.71,6922.42,2194.83,4786.22,1319.22,GAIL (INDIA) LTD,1268.48,31188.47,18536.94,15871.55,66865.44,66865.44,25994.57,18489.89,1281.68,21099.3,66865.44,66865.44,3446.79,2610.56,3211.11,1268477400.0,,10.0,4615.18,-4466.1,-2.59,146.49,105.77
2015-03-31 00:00:00,60557.37,47884.99,-231.63,2073.51,2510.08,1109.75,1032.44,83.6,945.39,1432.57,651.83,4492.36,1420.92,3160.05,761.09,GAIL (INDIA) LTD,1268.48,32754.19,18291.35,17355.36,69669.38,69669.38,32143.31,13805.93,1272.17,22447.97,69669.38,69669.38,3209.94,2378.69,1558.25,1268477400.0,,10.0,4214.12,-2808.51,-3058.47,-1652.86,109.07
2016-03-31 00:00:00,52052.51,41757.9,-412.08,2023.13,901.89,987.7,953.83,480.41,730.74,1495.6,821.83,2948.88,1091.34,1869.22,697.66,GAIL (INDIA) LTD,1268.48,35134.93,9051.64,13607.67,59062.72,59062.72,29946.45,3688.04,9844.4,15583.83,59062.72,59062.72,2723.46,1643.43,1845.73,1268477400.0,,10.0,3960.36,-903.73,-3027.6,29.03,100.24
2017-03-31 00:00:00,48551.72,36429.92,-42.29,1912.39,882.94,1398.11,749.19,1115.82,1212.23,1541.07,508.94,5183.28,1809.36,3368.16,1894.26,GAIL (INDIA) LTD,1691.3,37613.59,6553.35,12432.7,58290.94,58290.94,28302.48,4126.04,10125.09,15737.33,58290.94,58290.94,2750.73,1728.01,1420.96,1691300039.0,,10.0,6024.26,-334.04,-5275.39,414.83,141.36
2018-03-31 00:00:00,54496.35,40862.1,34.08,2142.94,856.6,1490.79,852.69,523.71,948.1,1526.89,294.91,6927.9,2122.85,4799.07,2050.76,GAIL (INDIA) LTD,2255.07,39423.5,3876.42,15797.69,61352.68,61352.68,28859.99,5938.39,10451.87,16102.43,61352.68,61352.68,3429.56,1951.05,2858.54,2255070933.0,,10.0,8768.71,-2659.53,-5251.62,857.56,164.28
2019-03-31 00:00:00,76189.89,59887.81,547.61,2661.7,1004.72,2001.93,876.22,367.54,1719.45,1666.64,159.2,9831.19,3278.42,6545.74,1608.99,GAIL (INDIA) LTD,2255.07,43749.03,2223.73,20198.54,68426.37,68426.37,31474.82,9737.5,10721.5,16492.55,68426.37,68426.37,4363.39,2521.61,1425.1,2255070933.0,,10.0,7984.2,-5700.53,-3364.28,-1080.61,173.83
2020-03-31 00:00:00,72517.7,57290.1,427.99,2535.8,1072.0,1751.75,998.13,275.67,3795.8,2080.16,308.94,10428.94,914.3,9422.05,2886.49,GAIL (INDIA) LTD,4510.14,44758.11,6911.51,18754.02,74933.78,74933.78,37121.1,11666.31,9892.95,16253.42,74933.78,74933.78,4818.31,3202.61,1250.17,4510141866.0,,10.0,8345.36,-8299.08,281.22,327.5,76.55
2021-03-31 00:00:00,57371.91,43285.01,-440.2,1761.05,1004.25,1793.54,1031.42,811.4,2833.5,2173.82,179.27,7725.45,1582.63,6136.35,2220.2,GAIL (INDIA) LTD,4440.39,48741.95,7872.63,20350.5,81405.47,81405.47,40188.47,13399.66,13057.74,14759.6,81405.47,81405.47,3501.5,3010.24,2024.64,4440385225.0,,10.0,8993.4,-4640.32,-3470.62,882.46,135.5
2012-03-31 00:00:00,37994.86,,,,670.53,5104.88,2110.08,22407.61,28663.42,671.44,25013.25,10680.49,2742.86,7642.93,1902.07,ICICI BANK LTD,1152.77,60121.34,443247.09,114765.7,619286.9,619286.9,5431.98,,239864.09,373990.83,619286.9,619286.9,,,41156.29,1152826045.0,,10.0,-6405.37,-21262.9,29439.3,1771.03,161.85
2013-03-31 00:00:00,44884.59,,,,775.69,5633.25,6689.78,18585.15,29319.81,625.48,28285.41,13609.64,3479.76,9603.61,2307.28,ICICI BANK LTD,1153.64,67604.29,487658.76,118405.02,674821.71,674821.71,5473.46,,255666.68,413681.57,674821.71,674821.71,,,49370.86,1153693318.0,,10.0,17493.98,-18562.6,9283.19,8214.57,190.04
2014-03-31 00:00:00,49479.25,,,,854.02,5973.68,7127.2,18897.57,30084.61,719.27,29710.61,16281.51,4604.4,11041.37,2656.59,ICICI BANK LTD,1155.04,75268.23,543054.75,128284.35,747762.37,747762.37,5506.83,,267609.44,474646.1,747762.37,747762.37,,,48258.23,1155098858.0,,10.0,6764.79,-15749.71,7872.29,-1112.63,226.37
2015-03-31 00:00:00,54964.0,,,,1008.28,6574.24,2679.71,28503.72,35252.24,798.22,32318.15,18333.92,5391.62,12246.87,2899.15,ICICI BANK LTD,1159.66,83537.44,597207.25,144174.82,826079.17,826079.17,5871.21,,274310.81,545897.15,826079.17,826079.17,,,47637.17,5797510734.0,,2.0,-12273.14,-13175.12,24827.2,-621.06,286.82
2016-03-31 00:00:00,59293.71,,,,1154.03,6918.58,3008.5,41170.77,42102.14,843.11,33996.47,14304.39,3377.5,10179.96,2907.92,ICICI BANK LTD,1163.17,92940.85,671455.05,153197.13,918756.2,918756.2,8713.46,,286044.09,623998.65,918756.2,918756.2,,,65035.97,5815034519.0,,2.0,23645.32,-12060.44,5813.91,17398.8,215.14
2017-03-31 00:00:00,60939.98,,,,1340.41,7902.81,3546.3,51051.29,52457.65,911.64,34835.83,13809.35,2469.02,10188.38,1456.39,ICICI BANK LTD,1165.11,103460.63,700874.02,180224.89,985724.65,985724.65,9337.96,,304373.29,672013.4,985724.65,985724.65,,,80490.87,5824742224.0,,2.0,52635.53,-1711.1,-35469.54,15454.9,251.68
2018-03-31 00:00:00,62162.35,,,,1720.34,8342.58,3974.96,58768.56,56806.75,922.14,34262.05,10978.47,1878.92,7712.19,964.36,ICICI BANK LTD,1285.81,109338.32,815197.94,198458.98,1124281.05,1124281.05,9465.01,,372207.68,742608.36,1124281.05,1124281.05,,,88999.13,6428256865.0,582984544.0,2.0,19382.93,-50550.64,39675.97,8508.26,278.35
2019-03-31 00:00:00,71981.65,,,,1778.56,9437.03,5419.74,67139.53,59324.85,945.84,39177.54,7408.26,1719.1,4254.24,644.73,ICICI BANK LTD,1289.46,112959.27,891641.06,232904.1,1238793.89,1238793.89,9660.42,,398200.76,830932.71,1238793.89,1238793.89,,,87390.9,6446505742.0,,2.0,48671.05,-30281.86,-19997.43,-1608.24,400.5
2020-03-31 00:00:00,84835.77,,,,2016.0,11169.57,6135.79,66039.39,64950.33,1171.22,44665.52,18588.61,7363.14,9566.31,,ICICI BANK LTD,1294.76,121661.81,1014636.24,239699.42,1377292.23,1377292.23,10408.66,,443472.63,923410.94,1377292.23,1377292.23,,,127852.92,6473031292.0,,2.0,79564.75,-42094.9,2992.18,40462.03,323.75
2021-03-31 00:00:00,89162.66,,,,2178.52,11063.46,6402.88,71664.11,72173.81,1340.07,42659.09,26028.34,5664.37,18384.32,1383.41,ICICI BANK LTD,1383.41,156200.99,1103839.96,312387.89,1573812.25,1573812.25,10809.26,,536578.62,1026424.37,1573812.25,1573812.25,,,147570.53,6916258476.0,,2.0,138015.3,-63630.92,-54666.77,19717.61,582.1
2012-03-31 00:00:00,71505.8,938.9,,,31605.8,3515.9,11305.8,598.4,428.2,13368.1,4082.8,6518.3,2260.2,4256.8,379.76,BHARTI AIRTEL LTD,1898.8,48712.5,69023.2,36265.0,155899.5,155899.5,129168.2,4413.9,1835.5,20481.9,155899.5,155899.5,6373.5,130.8,2030.0,3797530096.0,,5.0,22593.1,-18379.5,-4010.7,202.9,310.25
2013-03-31 00:00:00,76947.0,783.4,,,35304.6,3882.3,13229.8,786.8,1158.7,14814.8,4518.7,4785.3,2518.4,2258.1,379.76,BHARTI AIRTEL LTD,1898.8,48422.9,66736.3,40911.7,157969.7,157969.7,125674.4,2991.9,7709.8,21593.6,157969.7,157969.7,6782.4,110.9,1607.8,3797530096.0,,5.0,22607.5,-18676.1,-4565.5,-634.1,267.88
2014-03-31 00:00:00,85863.5,472.8,,,38509.6,4622.8,13708.9,2037.7,2881.0,15649.6,5878.8,7864.3,4844.9,2772.7,719.53,BHARTI AIRTEL LTD,1998.7,57757.3,75895.8,45840.4,181492.2,181492.2,140614.5,,15530.8,25346.9,181492.2,181492.2,6244.1,142.2,4980.8,3997400100.0,,5.0,26232.6,-25180.6,2774.4,3826.4,291.75
2015-03-31 00:00:00,96100.7,774.4,494.8,8439.8,30935.6,4857.0,16459.6,1527.1,1242.6,19858.3,4446.5,10539.8,5486.7,4620.8,1539.0,BHARTI AIRTEL LTD,1998.7,37778.3,83415.1,58746.9,181939.0,181939.0,124278.6,17414.8,10752.0,29493.6,181939.0,181939.0,5207.2,133.9,2083.1,3997400102.0,,5.0,28059.0,-22301.1,-9672.4,-3914.5,361.12
2016-03-31 00:00:00,96532.1,,,6904.9,34292.2,4910.8,10258.8,6181.2,4858.0,17449.8,8546.1,12846.3,5953.3,6076.7,543.65,BHARTI AIRTEL LTD,1998.7,64823.0,100646.5,57003.8,224472.0,224472.0,172292.8,5702.0,11977.0,34500.2,224472.0,224472.0,5503.9,169.2,5098.7,3997400102.0,,5.0,27942.3,-14091.4,-11946.1,1904.8,322.1
2017-03-31 00:00:00,95468.3,,,7294.6,34082.7,4303.2,8626.8,5831.2,1713.1,19773.0,9546.6,7723.3,3481.9,3799.8,399.74,BHARTI AIRTEL LTD,1998.7,65494.3,107287.6,57541.7,232322.3,232322.3,178235.1,10838.5,14338.7,28910.0,232322.3,232322.3,4740.2,48.8,5098.3,3997400102.0,,5.0,28279.9,-30680.0,-351.4,-2751.5,321.41
2018-03-31 00:00:00,82638.8,,,6908.2,30443.6,3977.1,6023.1,5207.7,1756.5,19243.1,9325.5,3267.0,1083.5,1099.0,2134.61,BHARTI AIRTEL LTD,1998.7,67599.9,111333.5,68588.9,249521.0,249521.0,187200.4,9751.2,16158.6,36410.8,249521.0,249521.0,5883.0,69.3,6670.6,3997400102.0,,5.0,29853.8,-27939.5,1920.5,3834.8,366.08
2019-03-31 00:00:00,80780.2,,,8043.6,31849.8,3797.5,5337.7,5987.8,4474.1,21347.5,10622.2,-1731.8,-3419.3,409.5,999.35,BHARTI AIRTEL LTD,1998.7,69423.5,125428.3,77175.8,274026.3,274026.3,200831.5,9634.2,15711.0,47849.6,274026.3,274026.3,4300.6,88.4,8064.0,3997400107.0,,5.0,20070.2,-28285.6,9463.8,1248.4,305.84
2020-03-31 00:00:00,84676.5,,,8209.4,31716.8,3513.7,4548.5,3097.4,-35599.7,27094.4,14073.2,-43176.6,-12512.4,-32183.2,1091.12,BHARTI AIRTEL LTD,2727.8,74417.0,148228.1,133718.4,359091.3,359091.3,229255.5,4282.3,25476.5,100077.0,359091.3,359091.3,4605.8,156.9,15892.7,5455557355.0,,5.0,18128.7,-29598.5,19144.4,7674.6,440.9
2021-03-31 00:00:00,100615.8,,,9853.8,34315.7,4114.6,4787.8,2265.0,-4215.0,29404.4,15091.0,-3431.5,8932.5,-15083.5,,BHARTI AIRTEL LTD,2746.0,56206.7,162785.2,122679.2,344417.1,344417.1,223479.6,5726.5,27550.4,87660.6,344417.1,344417.1,3637.7,266.0,13466.1,5492027268.0,,5.0,48205.0,-27285.6,-24910.3,-3990.9,517.3
2012-03-31 00:00:00,391.88,,,3.18,13.88,148.22,81.55,35.34,58.63,8.32,2.18,157.84,52.88,103.33,5.46,INFO EDGE (INDIA) LTD,54.59,472.65,0.66,182.44,710.34,710.34,54.75,9.44,315.21,330.94,710.34,710.34,8.1,,221.63,54590512.0,,10.0,100.82,-18.02,-4.86,77.94,364.5
2013-03-31 00:00:00,472.32,,,5.27,20.26,198.33,116.09,11.37,23.84,11.78,2.79,130.27,52.85,91.59,10.92,INFO EDGE (INDIA) LTD,109.18,499.28,0.95,216.07,825.48,825.48,151.9,10.14,261.37,402.07,825.48,825.48,9.52,,321.42,109181024.0,,10.0,75.17,-46.47,-12.49,16.21,359.4
2014-03-31 00:00:00,567.22,,,6.65,26.71,265.34,151.69,20.19,47.59,21.16,2.99,120.08,59.1,89.67,27.3,INFO EDGE (INDIA) LTD,109.18,562.81,1.02,386.98,1059.99,1059.99,148.55,10.28,538.01,363.15,1059.99,1059.99,9.17,,307.17,109180000.0,,10.0,80.79,-203.5,129.7,6.99,619.6
2015-03-31 00:00:00,732.49,,,7.95,43.39,414.09,213.45,32.45,89.12,46.94,3.79,59.55,74.0,24.06,36.07,INFO EDGE (INDIA) LTD,120.22,1294.9,0.7,801.07,2216.89,2216.89,575.57,12.27,1174.51,454.54,2216.89,2216.89,23.73,,358.23,120216159.0,,10.0,51.03,-1050.94,1024.98,25.08,839.9
2016-03-31 00:00:00,747.51,,,8.51,33.62,382.32,203.48,28.57,111.36,23.82,3.35,175.2,57.35,135.58,36.22,INFO EDGE (INDIA) LTD,120.72,1421.89,0.81,382.05,1925.47,1925.47,82.07,0.34,567.52,1275.54,1925.47,1925.47,12.57,,154.13,120916159.0,,10.0,78.17,-1.52,-66.11,10.53,766.9
2017-03-31 00:00:00,887.63,11.76,,10.13,28.79,456.55,167.46,221.59,50.46,32.76,3.94,5.11,47.8,-23.66,54.49,INFO EDGE (INDIA) LTD,121.08,1471.37,0.97,459.12,2052.54,2052.54,157.31,1.0,550.93,1343.3,2052.54,2052.54,8.52,0.86,303.22,121081579.0,,10.0,213.45,-164.98,-41.95,6.52,801.2
2018-03-31 00:00:00,988.24,12.16,,9.39,25.6,458.64,189.44,74.0,401.21,29.63,5.14,585.45,84.5,511.98,66.87,INFO EDGE (INDIA) LTD,121.59,1923.44,0.76,550.49,2596.28,2596.28,87.88,,1564.98,943.42,2596.28,2596.28,5.82,0.75,159.92,121589095.0,,10.0,253.45,-149.42,-74.78,29.26,1175.4
2019-03-31 00:00:00,1150.93,8.83,,9.19,34.28,509.94,242.03,337.92,736.89,22.14,7.01,716.48,124.28,603.65,73.21,INFO EDGE (INDIA) LTD,122.01,2420.58,0.83,645.58,3189.0,3189.0,88.07,2.14,1204.18,1894.61,3189.0,3189.0,6.75,0.04,260.34,122007940.0,,10.0,275.69,-59.12,-78.11,138.46,1842.55
2020-03-31 00:00:00,1311.93,2.11,,8.92,37.73,584.6,253.93,774.67,286.08,47.74,14.07,-125.76,119.98,-237.62,73.36,INFO EDGE (INDIA) LTD,122.27,2073.29,77.28,620.57,2893.41,2893.41,242.3,,1132.99,1518.12,2893.41,2893.41,9.12,,529.17,122270000.0,,10.0,350.17,96.97,-143.35,303.79,2035.05
2021-03-31 00:00:00,1120.12,,,3.23,36.41,567.35,211.84,234.71,1583.51,49.91,10.87,1589.31,180.5,1407.08,102.82,INFO EDGE (INDIA) LTD,128.52,5331.03,65.09,846.5,6371.14,6371.14,210.4,,2324.44,3836.3,6371.14,6371.14,6.37,,642.23,128523377.0,,10.0,275.65,-2042.89,1880.38,113.14,4280.55
2012-03-31 00:00:00,19582.1,14211.67,85.65,102.09,226.04,551.35,710.52,185.33,501.83,146.73,22.79,4013.06,1019.66,3048.62,1302.16,BAJAJ AUTO LTD,289.37,5792.35,150.47,4894.2,11126.39,11126.39,1920.03,41.65,4472.78,4691.93,11126.39,11126.39,401.93,703.61,1659.84,289367020.0,,10.0,3246.27,-849.78,-1462.36,934.13,1678.8
2013-03-31 00:00:00,20025.24,14401.19,-32.35,121.57,261.26,651.29,742.47,159.59,790.09,167.81,1.19,4276.61,1228.52,3132.69,1302.16,BAJAJ AUTO LTD,289.37,7775.93,115.58,4461.44,12642.32,12642.32,2355.41,293.55,6058.92,3934.44,12642.32,12642.32,734.33,643.96,566.51,289367020.0,,10.0,2218.3,-1394.43,-1444.69,-620.82,1799.55
2014-03-31 00:00:00,20136.94,13895.8,12.57,106.37,530.42,733.18,534.95,186.03,674.25,181.32,0.82,4654.87,1420.47,3380.28,1446.85,BAJAJ AUTO LTD,289.37,9877.89,59.19,5081.31,15307.76,15307.76,2659.62,144.06,8447.77,4056.31,15307.76,15307.76,796.21,641.21,500.9,289367000.0,,10.0,3501.71,-2072.26,-1495.69,-66.24,2083.6
2015-03-31 00:00:00,21595.44,14907.89,56.46,114.8,655.78,901.3,707.58,236.15,228.5,267.46,6.49,4082.95,1271.05,3025.63,1446.85,BAJAJ AUTO LTD,289.37,10805.95,112.35,4757.93,15965.6,15965.6,2448.03,254.94,8985.25,4277.38,15965.6,15965.6,716.96,814.15,592.74,289367020.0,,10.0,2113.8,-379.66,-1644.18,89.96,2016.6
2016-03-31 00:00:00,22573.69,14993.41,-63.45,120.66,644.19,920.01,795.66,243.36,1194.15,307.16,1.05,5678.89,1617.65,4061.24,1591.54,BAJAJ AUTO LTD,289.37,13730.94,117.86,3102.2,17240.37,17240.37,2025.67,52.24,11067.23,4095.23,17240.37,17240.37,717.93,719.07,867.03,289367020.0,,10.0,3689.85,-67.52,-3384.08,238.25,2405.95
2017-03-31 00:00:00,21754.72,14667.83,43.68,96.46,547.54,999.83,699.73,358.38,1467.61,307.29,1.4,5587.55,1508.07,4079.49,1591.54,BAJAJ AUTO LTD,289.37,17567.2,119.9,3661.15,21637.62,21637.62,2001.79,42.17,15477.04,4116.62,21637.62,21637.62,953.29,728.38,301.36,289367020.0,,10.0,3267.36,-3609.68,-190.09,-532.41,2805.45
2018-03-31 00:00:00,25209.93,17400.41,-9.68,100.26,550.16,1072.59,852.82,378.21,1403.72,314.8,1.31,5933.41,1714.47,4218.95,1736.22,BAJAJ AUTO LTD,289.37,20135.87,120.77,4594.99,25141.0,25141.0,1878.33,56.47,18894.57,4311.63,25141.0,25141.0,1491.87,742.58,792.66,289367020.0,,10.0,4327.84,-1954.48,-1885.26,488.1,2744.7
2019-03-31 00:00:00,30357.63,21854.1,56.42,115.01,633.99,1260.32,940.92,411.79,2027.83,265.69,4.48,6955.58,2027.98,4927.61,1736.22,BAJAJ AUTO LTD,289.37,22944.44,124.52,5476.08,28834.41,28834.41,1763.94,48.02,20602.85,6419.6,28834.41,28834.41,2559.69,961.51,933.07,289367020.0,,10.0,2486.86,-272.77,-2074.05,140.04,2911.1
2020-03-31 00:00:00,29918.65,21071.29,63.01,116.57,698.83,1395.0,1020.98,569.65,1832.38,246.43,3.16,6692.13,1480.22,5211.91,3472.44,BAJAJ AUTO LTD,289.37,21372.71,125.59,4722.35,26510.02,26510.02,1699.02,60.19,19913.58,4837.23,26510.02,26510.02,1725.1,1063.5,316.34,289367020.0,,10.0,3850.44,1765.83,-6246.51,-630.24,2022.35
2021-03-31 00:00:00,27741.08,19829.13,219.48,91.34,597.11,1296.07,654.86,554.27,1569.68,259.37,6.66,6241.43,1384.41,4857.02,4051.18,BAJAJ AUTO LTD,289.37,26984.06,121.46,6206.82,33601.71,33601.71,1667.55,15.98,24686.65,7231.53,33601.71,33601.71,2716.85,1493.89,538.84,289367020.0,,10.0,3119.88,-2869.15,-19.52,231.21,3670.6
2012-03-31 00:00:00,14021.45,,,,10191.05,763.89,1724.3,438.71,626.75,55.58,15.8,1458.87,73.18,1385.69,414.37,ICICI PRUDENTIAL LIFE INSURANCE COMPANY LTD,1428.85,1552.62,,68641.53,71623.0,71623.0,176.06,4.38,70397.56,1045.0,71623.0,71623.0,,,284.07,1428849124.0,,10.0,2829.26,-813.47,-361.61,1654.18,
2013-03-31 00:00:00,20024.98,,,,15916.7,769.14,1933.18,660.72,900.46,40.96,13.6,1591.14,75.73,1515.41,484.27,ICICI PRUDENTIAL LIFE INSURANCE COMPANY LTD,1428.94,2531.6,,71259.67,75220.21,75220.21,165.41,7.0,73715.7,1332.1,75220.21,75220.21,,,324.77,1428939249.0,,10.0,-2641.15,1564.19,-514.16,-1591.12,
2014-03-31 00:00:00,21887.89,,,,17773.51,712.67,1729.18,168.54,129.22,46.82,14.77,1571.62,10.27,1561.35,1093.24,ICICI PRUDENTIAL LIFE INSURANCE COMPANY LTD,1429.26,2954.03,,77090.34,81473.63,81473.63,197.07,4.64,80101.33,1170.59,81473.63,81473.63,,,193.44,1429255687.0,,10.0,-2382.1,6012.18,-1091.17,2538.91,
2015-03-31 00:00:00,34453.35,,,,30244.52,683.25,1734.6,135.54,42.76,39.6,16.84,1641.76,1.41,1640.35,836.84,ICICI PRUDENTIAL LIFE INSURANCE COMPANY LTD,1431.72,3831.37,,95951.72,101214.81,101214.81,209.14,5.96,99490.69,1509.02,101214.81,101214.81,,,255.48,1431716991.0,,10.0,523.47,-1821.87,-965.56,-2263.96,
2016-03-31 00:00:00,20849.45,,,,735.01,11.89,20.3,18240.49,0.05,0.05,0.06,1841.7,191.56,1650.15,1203.15,ICICI PRUDENTIAL LIFE INSURANCE COMPANY LTD,1432.32,3640.06,1028.94,98663.68,104765.0,104765.0,212.1,7.49,103023.81,1521.6,104765.0,104765.0,150.86,,200.23,1432319348.0,,10.0,3633.84,27.1,-1442.36,2218.58,
2017-03-31 00:00:00,37816.09,,,,32527.22,820.72,2607.93,54.12,130.28,57.87,15.26,1863.25,181.59,1681.66,1054.98,ICICI PRUDENTIAL LIFE INSURANCE COMPANY LTD,1435.35,4970.68,,118334.79,124740.82,124740.82,206.56,7.23,121580.63,2946.4,124740.82,124740.82,,,213.73,1435347110.0,,10.0,4129.7,-696.32,-993.92,2439.46,382.4
2018-03-31 00:00:00,38832.31,,,,32760.91,965.3,2997.63,337.74,132.06,43.68,20.15,1838.96,219.81,1619.17,961.78,ICICI PRUDENTIAL LIFE INSURANCE COMPANY LTD,1435.5,5138.19,,135245.18,141818.87,141818.87,404.48,17.58,138537.41,2859.4,141818.87,141818.87,,,203.81,1435498710.0,,10.0,5689.89,-5388.76,-1187.73,-886.6,388.6
2019-03-31 00:00:00,41462.91,,,,35991.31,968.36,3672.43,289.72,813.32,56.72,23.26,1274.43,135.5,1138.93,452.27,ICICI PRUDENTIAL LIFE INSURANCE COMPANY LTD,1435.78,5435.35,,156215.08,163086.21,163086.21,462.76,12.94,159003.14,3607.37,163086.21,163086.21,,,661.04,1435784481.0,,10.0,11376.83,-7558.67,-843.38,2974.77,350.25
2020-03-31 00:00:00,21061.05,,,,16049.26,1034.78,1553.77,2920.35,1756.09,60.56,,1198.42,131.44,1066.98,114.87,ICICI PRUDENTIAL LIFE INSURANCE COMPANY LTD,1435.86,5524.07,,149070.89,156030.82,156030.82,932.36,20.42,150775.5,4302.54,156030.82,156030.82,,,811.92,1435862591.0,,10.0,8596.42,-10797.35,-405.28,-2606.21,355.7
2021-03-31 00:00:00,83230.75,,,,78463.87,997.37,1447.71,2955.11,1912.42,59.86,,1219.25,263.1,956.16,287.19,ICICI PRUDENTIAL LIFE INSURANCE COMPANY LTD,1435.97,10666.22,1200.0,203917.7,217219.89,217219.89,911.29,21.73,211726.74,4560.13,217219.89,217219.89,,,558.34,1435974231.0,,10.0,7313.59,-5084.08,1204.55,3434.05,445.6
2016-03-31 00:00:00,8248.68,,,3.92,5176.11,674.38,454.0,-185.71,509.5,449.85,987.67,1197.96,495.15,702.81,,MACROTECH DEVELOPERS LTD,108.11,3864.74,13834.69,13173.3,30980.84,30980.84,1899.06,175.67,611.05,28295.06,30980.84,30980.84,684.51,21023.23,304.71,216216000.0,,5.0,387.31,-854.18,330.09,-136.78,
2017-03-31 00:00:00,7926.46,,,4.09,5330.48,701.62,444.73,-168.17,583.86,460.08,736.4,1001.09,417.05,584.03,,MACROTECH DEVELOPERS LTD,113.11,3919.88,16182.91,13714.88,33930.78,33930.78,1753.35,109.43,1179.63,30888.37,33930.78,33930.78,604.28,22208.38,278.57,226216000.0,,5.0,1469.44,-1173.63,-311.66,-15.85,
2018-03-31 00:00:00,9677.27,,,12.21,6726.26,837.68,721.58,-302.6,285.11,395.05,390.25,1181.95,387.9,794.04,,MACROTECH DEVELOPERS LTD,395.88,4756.33,22616.11,12483.04,40251.36,40251.36,2197.0,5.92,1384.12,36664.32,40251.36,40251.36,758.66,31434.35,522.45,395878000.0,,10.0,695.57,-650.55,24.37,69.39,
2019-03-31 00:00:00,11906.98,,,4.87,7486.03,389.9,697.8,149.16,71.63,194.45,567.52,2488.88,844.9,1636.15,,MACROTECH DEVELOPERS LTD,395.88,3445.12,25640.56,20382.34,49863.9,49863.9,2138.82,6.29,1404.96,46313.83,49863.9,49863.9,484.32,41512.41,657.54,395878000.0,282770000.0,10.0,-463.18,-175.41,735.9,97.31,
2020-03-31 00:00:00,12442.59,,,3.81,9692.26,390.45,537.25,-97.76,118.55,292.4,739.71,1003.02,261.5,727.56,,MACROTECH DEVELOPERS LTD,395.88,4156.44,18423.15,17717.04,40692.51,40692.51,2020.92,6.29,1552.94,37112.36,40692.51,40692.51,794.29,29031.44,186.95,395878000.0,,10.0,3772.01,182.4,-4188.4,-233.99,
2021-03-31 00:00:00,5448.57,,,0.89,3697.1,286.35,316.56,-235.03,-139.67,73.42,1136.45,33.16,-14.73,40.16,,MACROTECH DEVELOPERS LTD,395.88,4203.08,18192.88,16516.2,39308.04,39308.04,1946.3,6.29,1579.39,35776.06,39308.04,39308.04,654.53,28300.71,366.81,395878000.0,,10.0,2523.95,420.22,-2835.13,109.04,
2016-03-31 00:00:00,1347.87,530.72,-9.49,46.96,37.36,131.3,53.92,35.72,36.59,63.46,16.42,459.11,145.51,313.61,,GLAND PHARMA LTD,15.49,1661.57,117.04,292.21,2086.31,2086.31,787.88,202.1,0.17,1096.16,2086.31,2086.31,350.69,367.08,273.23,15494949.0,,10.0,220.23,-11.91,-92.9,115.42,
2017-03-31 00:00:00,1479.18,463.36,-46.37,49.24,61.87,153.42,74.75,5.18,33.56,74.15,6.39,578.01,164.29,413.73,,GLAND PHARMA LTD,15.5,2074.32,6.38,377.54,2473.74,2473.74,871.58,161.15,,1441.01,2473.74,2473.74,417.87,378.72,533.08,15494949.0,,10.0,476.46,-100.19,-116.42,259.85,
2018-03-31 00:00:00,1619.94,727.42,66.67,60.35,68.63,179.08,108.29,7.73,48.79,78.21,4.13,501.56,180.44,321.11,,GLAND PHARMA LTD,15.5,2394.93,5.92,511.99,2928.34,2928.34,842.64,198.88,,1886.82,2928.34,2928.34,475.21,512.83,651.14,15494949.0,,10.0,201.93,-358.57,-3.59,-160.24,
2019-03-31 00:00:00,2044.2,740.51,114.15,74.03,316.17,222.95,82.52,15.84,65.55,81.96,3.56,686.36,234.45,451.91,,GLAND PHARMA LTD,15.5,2846.62,5.49,654.97,3522.58,3522.58,928.74,123.16,,2470.68,3522.58,3522.58,506.1,911.88,753.35,15494949.0,,10.0,185.06,-318.57,-2.93,-136.44,
2020-03-31 00:00:00,2633.24,842.97,6.9,78.5,368.2,277.66,98.54,18.81,139.17,94.59,7.18,992.86,220.01,772.86,,GLAND PHARMA LTD,15.5,3630.74,4.96,434.83,4086.03,4086.03,968.1,188.47,,2929.46,4086.03,4086.03,601.79,756.28,1325.19,154949490.0,,1.0,700.94,-760.97,-6.87,-66.91,
2021-03-31 00:00:00,3462.88,1492.49,273.49,74.59,403.71,311.36,128.44,23.52,134.78,98.78,3.41,1334.85,337.85,997.01,,GLAND PHARMA LTD,16.36,5886.93,4.07,588.69,6496.05,6496.05,954.23,337.81,0.55,5203.46,6496.05,6496.05,670.97,1275.17,3005.2,163592923.0,,1.0,604.93,-1520.97,1238.46,322.42,2478.3
2012-10-31 00:00:00,5357.33,42.82,,47.63,421.06,3127.44,578.57,90.88,168.02,174.37,14.65,1027.93,235.62,792.32,357.19,MPHASIS LTD,210.11,4194.62,322.84,1405.1,6132.67,6132.67,1197.27,11.93,2519.23,2404.24,6132.67,6132.67,635.75,,412.44,210121057.0,,10.0,965.77,-726.66,-102.98,136.13,387.05
2013-10-31 00:00:00,5796.3,6.96,,53.91,430.34,3556.84,582.77,132.91,140.48,144.83,33.04,995.18,251.38,743.8,357.22,MPHASIS LTD,210.13,4724.32,554.29,1601.27,7090.01,7090.01,2462.07,26.32,1899.47,2702.15,7090.01,7090.01,651.11,,579.92,144101348.0,700000000.0,10.0,755.63,-483.49,-317.54,-45.4,423.4
2014-03-31 00:00:00,2593.83,,,21.37,143.53,1627.4,287.88,74.01,43.7,50.39,11.14,421.81,119.14,302.68,147.1,MPHASIS LTD,210.14,4904.83,539.62,1319.6,6974.19,6974.19,2404.27,6.0,1815.43,2748.49,6974.19,6974.19,777.83,,458.27,210149020.0,,10.0,197.51,224.56,-428.72,-6.65,404.0
2015-03-31 00:00:00,5794.81,,,54.32,449.17,3586.94,647.47,186.82,193.58,98.07,27.92,937.68,263.04,674.64,336.24,MPHASIS LTD,210.15,5269.62,575.27,1311.62,7366.66,7366.66,2333.74,20.43,1443.1,3569.39,7366.66,7366.66,625.2,,1320.84,210147823.0,,10.0,616.46,-379.84,-186.33,50.29,385.4
2016-03-31 00:00:00,6080.78,42.16,4.1,55.09,488.56,3730.49,717.26,188.42,172.26,121.08,24.16,889.92,258.42,631.51,420.38,MPHASIS LTD,210.19,5660.67,460.76,1076.34,7407.96,7407.96,1596.89,55.59,2122.29,3633.19,7407.96,7407.96,648.93,4.1,857.21,210194117.0,,10.0,730.81,-174.74,-567.82,-11.75,491.8
2017-03-31 00:00:00,6076.36,0.02,-4.1,35.09,511.51,3709.56,714.52,132.76,223.44,79.15,13.88,1099.21,307.63,791.58,357.71,MPHASIS LTD,210.42,5942.03,260.16,888.64,7301.25,7301.25,1921.14,1.08,2395.65,2983.38,7301.25,7301.25,627.87,,614.41,210424080.0,,10.0,664.11,266.58,-710.02,220.66,579.9
2018-03-31 00:00:00,6545.84,,,29.75,758.62,3817.93,746.38,130.78,149.02,70.82,13.0,1127.58,290.08,837.5,386.54,MPHASIS LTD,193.27,5288.52,389.88,1108.7,6980.37,6980.37,1884.03,2.26,1782.07,3312.01,6980.37,6980.37,811.63,,706.72,193267182.0,,10.0,723.32,507.34,-1379.74,-149.09,837.75
2019-03-31 00:00:00,7730.98,,,34.86,1102.82,4298.69,849.37,121.41,176.71,75.84,17.37,1407.33,333.98,1073.35,502.82,MPHASIS LTD,186.23,5063.59,542.59,1575.86,7368.27,7368.27,2169.73,2.92,1329.22,3866.4,7368.27,7368.27,955.37,,641.61,186226039.0,700.0,10.0,949.72,279.85,-1341.77,-112.2,991.1
2020-03-31 00:00:00,8843.54,,,39.07,1577.5,4922.64,540.34,113.61,177.82,231.63,81.19,1515.38,330.55,1184.84,652.89,MPHASIS LTD,186.54,5643.06,571.28,2338.89,8739.77,8739.77,3013.49,16.7,1325.65,4383.93,8739.77,8739.77,835.25,,1125.7,186605807.0,700.0,10.0,1321.02,141.69,-824.72,638.0,664.45
2021-03-31 00:00:00,9722.31,,,26.14,1595.56,5629.79,528.11,139.84,132.95,241.79,63.42,1630.61,413.8,1216.81,1215.82,MPHASIS LTD,187.05,6339.66,513.45,2324.5,9364.66,9364.66,3019.51,3.13,1846.02,4496.0,9364.66,9364.66,929.48,,1062.24,187112033.0,700.0,10.0,1454.53,-809.92,-861.47,-216.86,1776.5
2012-03-31 00:00:00,25244.89,5543.64,85.82,5460.52,1691.24,1414.06,5028.32,613.87,741.54,1154.41,313.99,4852.2,1320.77,2647.46,206.35,GRASIM INDUSTRIES LTD,91.71,16935.01,7037.75,12466.41,36530.88,36530.88,17549.11,2461.11,7875.8,8644.86,36530.88,36530.88,1728.75,3071.11,326.6,91709742.0,,10.0,4349.8,-3628.89,-678.85,42.06,422.64
2013-03-31 00:00:00,27909.34,6367.91,196.25,5603.83,1955.98,1709.99,5805.89,738.38,823.94,1252.06,324.14,5171.35,1467.21,2704.39,206.5,GRASIM INDUSTRIES LTD,91.78,19522.09,9550.19,14959.07,44123.13,44123.13,20561.41,6084.28,8010.79,9466.65,44123.13,44123.13,2175.05,3740.76,229.18,91776500.0,,10.0,4241.68,-5686.83,1347.73,-97.42,452.61
2014-03-31 00:00:00,28330.85,7388.72,-45.35,5674.79,2293.31,1877.49,6423.61,-287.19,576.25,1457.48,447.32,3586.22,734.79,2071.54,192.84,GRASIM INDUSTRIES LTD,91.83,21478.01,9681.16,16485.11,47736.11,47736.11,25208.57,4044.85,7610.81,10871.88,47736.11,47736.11,2509.15,4256.5,396.69,91827000.0,,10.0,3549.29,-2335.5,-1046.28,167.51,464.63
2015-03-31 00:00:00,31734.32,8586.9,159.61,6452.71,2445.45,2167.3,7453.85,-356.74,529.5,1563.22,667.39,3443.35,1015.92,1743.8,165.35,GRASIM INDUSTRIES LTD,91.86,22988.71,11930.19,19022.05,54032.81,54032.81,31828.16,2754.95,7255.29,12194.41,54032.81,54032.81,2647.37,4788.45,439.71,91852185.0,,10.0,4594.14,-2358.65,-2277.98,-42.49,582.77
2016-03-31 00:00:00,34487.47,9034.05,31.84,6013.7,2495.4,2157.44,7517.96,1389.57,1320.03,1833.79,718.09,4679.34,1224.6,2468.14,210.06,GRASIM INDUSTRIES LTD,93.36,27335.95,12504.83,19642.3,59576.44,59576.44,34270.78,1788.38,10601.2,12916.08,59576.44,59576.44,3002.01,4148.75,2307.15,93346106.0,,10.0,5868.36,-4515.15,-1364.57,-11.36,618.45
2017-03-31 00:00:00,36068.4,9313.26,-161.75,5795.41,2635.21,2265.59,7504.55,1006.03,1075.7,1807.59,702.4,5952.31,1706.7,3167.3,256.77,GRASIM INDUSTRIES LTD,93.37,31290.71,9213.03,22150.29,62747.4,62747.4,34786.19,1296.97,14200.38,12463.86,62747.4,62747.4,3009.56,4231.42,2307.01,466837110.0,,2.0,7287.8,-3508.76,-3798.56,-19.52,843.82
2018-03-31 00:00:00,55893.5,12695.6,84.95,8631.29,7160.42,3992.47,9517.31,2369.11,410.02,2724.36,3663.17,5634.74,1947.12,2678.58,407.59,GRASIM INDUSTRIES LTD,131.48,57227.37,67013.59,83526.22,207898.66,207898.66,69257.2,2290.02,65995.01,70356.43,207898.66,207898.66,5202.63,5860.36,1316.1,657399730.0,,2.0,-4139.9,1546.33,3449.07,855.5,1050.9
2019-03-31 00:00:00,77200.25,16768.13,79.89,12423.45,10143.46,5428.21,13525.14,2510.85,-1686.03,3571.38,6060.03,5163.46,2418.72,1692.99,460.36,GRASIM INDUSTRIES LTD,131.53,57884.99,84418.31,98692.15,241126.98,241126.98,87129.19,2765.97,62747.32,88484.5,241126.98,241126.98,6690.07,7059.13,1908.23,657598363.0,,2.0,-1658.58,-2212.37,4157.99,287.04,857.95
2020-03-31 00:00:00,68252.47,14444.37,504.21,11080.71,10461.07,5760.39,13295.49,3341.79,7075.94,4004.23,6890.31,6554.26,-84.32,4411.74,263.14,GRASIM INDUSTRIES LTD,131.57,56497.72,84765.74,102786.41,244181.44,244181.44,87736.09,3904.13,66337.17,86204.05,244181.44,244181.44,5793.06,6840.62,3803.66,657827233.0,,2.0,16620.3,-11363.99,-3417.98,1838.33,476.1
2021-03-31 00:00:00,69963.35,11905.19,-724.03,10363.78,12707.16,5534.74,13489.93,3044.12,7571.37,4033.4,5723.48,10008.89,3022.19,4304.82,592.29,GRASIM INDUSTRIES LTD,131.62,65359.44,77702.64,123657.17,266850.87,266850.87,85022.8,5768.69,88016.78,88042.6,266850.87,266850.87,4341.78,6196.96,4965.64,658044844.0,,2.0,14700.88,-7133.66,-8013.54,-446.32,1450.55
2012-03-31 00:00:00,30275.78,,,14.24,19.54,449.0,227.87,11772.92,27.08,50.64,11551.92,6216.73,1726.96,5462.51,1624.64,HOUSING DEVELOPMENT FINANCE CORPORATION LTD,295.39,23920.64,142479.2,45640.66,212335.89,212335.89,841.87,6.57,48638.85,162848.6,212335.89,212335.89,632.63,,6481.36,1476970010.0,,2.0,-17534.34,-6274.63,23193.93,-615.04,673.3
2013-03-31 00:00:00,35948.18,,,17.3,54.73,532.8,243.11,13321.99,38.75,54.2,14295.52,7467.28,2002.03,6639.72,1932.94,HOUSING DEVELOPMENT FINANCE CORPORATION LTD,309.27,31581.29,163662.8,56225.08,251778.44,251778.44,850.58,32.48,59492.42,191402.96,251778.44,251778.44,216.02,,7071.67,1546347255.0,,2.0,-11969.28,-10212.34,23173.97,992.35,826.25
2014-03-31 00:00:00,40753.17,,,20.55,62.7,602.51,293.45,14334.76,61.39,46.85,16607.89,8845.85,2358.34,7947.82,2184.7,HOUSING DEVELOPMENT FINANCE CORPORATION LTD,312.1,37262.51,190601.97,68712.25,296888.83,296888.83,1002.24,21.04,72914.21,222951.34,296888.83,296888.83,376.79,,8588.11,1560532605.0,,2.0,-10734.9,-12983.44,25718.53,2000.19,883.9
2015-03-31 00:00:00,48315.69,,,21.18,70.16,706.39,322.24,18396.52,74.34,46.63,18710.29,10116.62,3165.7,8762.62,2362.05,HOUSING DEVELOPMENT FINANCE CORPORATION LTD,314.94,44756.69,217356.73,87078.27,349506.63,349506.63,1470.23,8.98,93782.42,254245.0,349506.63,349506.63,457.79,,4261.92,1574697700.0,,2.0,-9118.19,-18552.12,24820.38,-2849.93,1315.7
2016-03-31 00:00:00,53222.93,,,23.76,84.57,796.8,473.1,19849.79,34.18,120.52,20295.6,11612.97,3639.34,10190.26,2685.74,HOUSING DEVELOPMENT FINANCE CORPORATION LTD,315.97,50533.61,249417.65,97518.88,397786.11,397786.11,1568.25,18.71,104720.74,291478.41,397786.11,397786.11,466.8,,6397.03,1579846340.0,,2.0,-19710.41,-9308.58,29110.59,91.6,1105.6
2017-03-31 00:00:00,61034.35,,,25.1,93.35,923.35,546.26,24788.89,53.28,107.98,21953.15,12649.55,4020.79,11051.12,2859.57,HOUSING DEVELOPMENT FINANCE CORPORATION LTD,317.73,59690.48,293794.62,120318.84,474121.67,474121.67,2266.03,53.68,132855.28,338946.68,474121.67,474121.67,1482.43,,7496.78,1588672140.0,,2.0,-14173.09,-27235.77,43127.31,1718.45,1502.1
2018-03-31 00:00:00,79473.86,,,26.98,287.44,3406.21,2419.3,38573.84,6282.1,116.48,24718.46,16207.25,3096.04,11979.9,3351.8,HOUSING DEVELOPMENT FINANCE CORPORATION LTD,335.18,91487.7,336416.45,138320.33,566559.66,566559.66,2349.48,23.42,172217.55,391969.21,566559.66,566559.66,245.11,,3128.54,1675879893.0,,2.0,-57928.02,-7953.65,63344.1,-2537.57,1825.6
2019-03-31 00:00:00,95693.52,,,28.91,44590.35,2980.37,2723.37,1495.93,7891.17,141.47,29525.33,22098.96,4518.45,16231.76,3615.04,HOUSING DEVELOPMENT FINANCE CORPORATION LTD,344.29,111388.85,386755.1,162321.45,660809.69,660809.69,2310.32,24.22,210703.81,447771.34,660809.69,660809.69,611.99,,4536.54,1721437390.0,,2.0,-44301.41,-10315.61,54985.63,368.61,1968.25
2020-03-31 00:00:00,101725.71,,,30.52,40799.89,1371.09,413.71,6367.98,5816.29,256.11,32109.45,26193.25,3366.78,21434.57,3637.3,HOUSING DEVELOPMENT FINANCE CORPORATION LTD,346.41,126132.75,425367.54,177935.77,729782.47,729782.47,5475.97,58.9,243248.09,480999.51,729782.47,729782.47,336.31,,5501.53,1732051189.0,,2.0,-26801.02,-9873.65,38689.82,2015.15,1633.1
2021-03-31 00:00:00,139033.99,,,23.2,86838.04,1716.12,328.79,3412.65,6958.72,355.35,29081.26,24237.3,3749.75,18740.06,4149.08,HOUSING DEVELOPMENT FINANCE CORPORATION LTD,360.79,156044.81,447013.27,225811.23,829230.1,829230.1,5312.03,47.3,302480.74,521390.03,829230.1,829230.1,242.35,,3035.47,1803946433.0,,2.0,-27276.43,-6958.33,31664.98,-2569.78,2498.1
2012-03-31 00:00:00,165654.49,112003.3,2535.72,1017.19,4422.54,12298.45,14485.85,1747.45,-73.96,5625.38,2982.22,13533.87,-40.04,13516.5,1269.5,TATA MOTORS LTD,634.75,32063.75,47148.96,62918.68,142766.14,142766.14,44360.41,15945.83,8917.71,73542.19,142766.14,142766.14,8236.84,18216.02,18238.13,3173796570.0,,2.0,18384.32,-19463.89,6567.18,5487.61,272.33
2013-03-31 00:00:00,188792.69,123117.34,3029.29,1077.77,4440.73,16632.19,16632.91,5325.06,212.88,7601.28,3560.25,13647.33,3776.66,9892.61,638.07,TATA MOTORS LTD,638.07,36999.23,53715.71,76977.02,168330.03,168330.03,55511.73,18453.55,8764.73,85600.02,168330.03,168330.03,10959.6,21036.82,21114.82,3190115771.0,,2.0,22162.61,-22969.45,-1692.08,-2498.92,266.3
2014-03-31 00:00:00,232833.66,146426.99,2840.58,1128.69,13806.04,21609.92,22357.79,-4508.55,-156.79,11078.16,4749.44,18868.97,4764.79,13991.02,643.78,TATA MOTORS LTD,643.78,64959.67,60642.28,92180.26,218425.99,218425.99,69091.67,33262.56,10686.67,105385.09,218425.99,218425.99,10574.23,27270.89,29711.79,3218930000.0,,2.0,36151.16,-27990.91,-3883.24,4277.01,394.42
2015-03-31 00:00:00,263158.98,163250.36,3330.35,1121.75,16173.17,25641.95,23603.01,-2539.56,714.03,13388.63,4861.49,21702.56,7642.91,13986.29,,TATA MOTORS LTD,643.78,55618.14,73610.39,107442.48,237314.79,237314.79,88479.49,28640.09,15336.74,104858.47,237314.79,237314.79,12579.2,29272.34,32115.76,3218930067.0,,2.0,35531.26,-36232.35,5201.44,4500.35,544.37
2016-03-31 00:00:00,273045.6,166134.01,2750.99,1143.63,12101.53,28880.89,21991.9,7149.38,-2669.62,16710.78,4889.08,14125.77,3025.05,11579.31,67.92,TATA MOTORS LTD,679.18,78273.23,69359.96,114871.75,263184.12,263184.12,107231.76,25918.94,23767.02,106266.4,263184.12,263184.12,13570.91,32655.73,30460.4,3395930306.0,,2.0,37899.54,-36693.9,-3795.12,-2589.48,386.6
2017-03-31 00:00:00,269692.51,173294.08,7399.92,1159.82,10067.37,28332.89,30039.38,4610.2,1869.1,17904.99,4238.01,9314.79,3251.23,7454.36,,TATA MOTORS LTD,679.22,57382.67,78603.98,135914.49,272580.36,272580.36,95944.08,33698.84,20337.92,122599.52,272580.36,272580.36,14075.55,35085.31,36077.88,3396100719.0,,2.0,30199.25,-39571.4,6205.3,-3166.85,465.85
2018-03-31 00:00:00,291550.48,187896.58,2046.58,1308.08,10971.66,30300.09,31004.58,658.39,5932.73,21553.59,4681.79,11155.03,4341.93,8988.91,,TATA MOTORS LTD,679.22,94748.69,88950.47,142813.43,327191.81,327191.81,121413.86,40033.5,20812.75,144931.7,327191.81,327191.81,19893.3,42137.63,34613.91,3396100719.0,,2.0,23857.42,-25139.14,2011.71,729.99,326.85
2019-03-31 00:00:00,301938.4,194267.91,-2053.28,1585.93,11694.54,33243.87,32719.8,1708.74,-26686.25,23590.63,5758.6,-31371.15,-2437.45,-28826.23,,TATA MOTORS LTD,679.22,59500.34,106175.34,139348.59,305703.49,305703.49,111234.47,31883.84,15770.72,146814.46,305703.49,305703.49,18996.17,39013.73,32648.82,3396100719.0,,2.0,18890.75,-20878.07,8830.37,6843.05,174.25
2020-03-31 00:00:00,261067.97,164899.82,-2231.19,1264.95,11541.51,30438.6,29248.32,3456.51,101.71,21425.43,7243.33,-10579.98,395.25,-12070.85,,TATA MOTORS LTD,719.54,61491.49,124787.64,133180.72,320179.39,320179.39,127107.14,35622.29,16308.48,141141.48,320179.39,320179.39,11172.69,37456.88,33726.97,3597726185.0,,2.0,26632.94,-33114.55,3389.61,-3092.0,71.05
2021-03-31 00:00:00,249794.75,153607.36,-4684.16,1112.87,8273.17,27648.48,23015.79,-834.51,-11117.83,23546.71,8097.17,-10474.28,2541.86,-13451.39,,TATA MOTORS LTD,765.81,54480.91,142130.57,144192.62,341569.91,341569.91,138707.61,20963.93,24620.28,157278.09,341569.91,341569.91,12679.08,36088.59,46792.46,3829060661.0,,2.0,29000.51,-25672.5,9904.2,13232.21,301.8
2012-03-31 00:00:00,9814.5,2667.5,152.6,225.9,695.2,1596.7,2132.9,205.3,-7.0,518.1,114.1,1804.4,503.5,1300.9,233.2,DR REDDY'S LABORATORIES LTD,84.8,4904.2,3233.9,3082.2,11305.1,11305.1,3411.7,708.5,207.9,6977.0,11305.1,11305.1,2536.8,1943.3,1606.1,169560546.0,,5.0,1612.6,-970.7,389.1,1031.0,1764.75
2013-03-31 00:00:00,11832.6,3622.3,168.5,335.4,649.8,1934.7,2525.7,264.5,146.5,550.2,100.3,2164.7,637.9,1526.8,254.7,DR REDDY'S LABORATORIES LTD,84.9,6284.2,3682.2,3328.9,13380.2,13380.2,4050.6,565.3,197.0,8567.3,13380.2,13380.2,3180.4,2170.7,2017.1,169836675.0,,5.0,1377.9,-1436.9,-156.8,-215.8,1766.5
2014-03-31 00:00:00,13415.3,3580.5,319.6,319.9,1028.0,2483.4,2793.4,278.9,169.7,647.5,126.7,2646.3,683.1,1963.2,306.36,DR REDDY'S LABORATORIES LTD,85.1,7780.1,4477.0,3563.3,15905.5,15905.5,4640.8,638.8,1066.8,9559.1,15905.5,15905.5,3325.3,2418.8,2300.6,170108870.0,,5.0,1969.7,-1603.5,-24.2,342.0,2563.9
2015-03-31 00:00:00,15023.3,3842.2,55.8,339.1,1038.6,2952.6,3100.3,298.3,259.7,759.9,108.2,2899.6,563.2,2336.4,340.8,DR REDDY'S LABORATORIES LTD,85.2,9767.9,4314.1,4289.9,18457.1,18457.1,5377.0,529.0,2247.8,10303.3,18457.1,18457.1,4101.2,2569.9,1872.4,170381170.0,,5.0,2523.5,-2369.8,-433.2,-279.5,3488.75
2016-03-31 00:00:00,15568.3,3854.2,95.7,315.2,1027.7,3125.2,2999.2,757.2,295.0,938.9,82.6,2858.8,751.1,2130.6,341.2,DR REDDY'S LABORATORIES LTD,85.3,12484.5,3352.1,4408.5,20330.4,20330.4,6563.0,772.2,3833.1,9162.1,20330.4,20330.4,4125.0,2557.9,492.1,170607853.0,,5.0,3262.6,-1609.9,-1700.1,-47.4,3035.2
2017-03-31 00:00:00,14196.1,3819.8,123.3,330.1,852.1,3114.2,3279.7,451.3,171.5,1026.6,63.4,1553.7,296.5,1292.1,331.6,DR REDDY'S LABORATORIES LTD,82.9,12179.2,4918.5,4473.9,21654.5,21654.5,6930.7,3324.5,2109.7,9289.6,21654.5,21654.5,3798.6,2852.8,386.5,165741913.0,,5.0,2144.4,-1889.6,-369.1,-114.3,2632.35
2018-03-31 00:00:00,14281.0,4081.0,41.5,329.3,1746.5,3221.0,2100.0,493.5,155.2,1077.2,78.8,1350.4,438.0,946.8,332.0,DR REDDY'S LABORATORIES LTD,83.0,12488.6,5071.4,4706.3,22349.3,22349.3,6968.0,3470.5,2298.3,9612.5,22349.3,22349.3,4052.7,2908.9,263.8,165910907.0,,5.0,1803.0,-1482.6,-444.0,-123.6,2080.55
2019-03-31 00:00:00,15448.2,4770.2,275.4,329.1,1434.8,3364.2,2227.3,419.8,381.3,1134.8,88.9,2335.8,385.8,1950.0,332.0,DR REDDY'S LABORATORIES LTD,83.0,13994.1,3838.1,4503.1,22418.3,22418.3,7191.0,2933.5,2587.1,9706.7,22418.3,22418.3,3986.9,3357.9,222.8,166065948.0,,5.0,2870.4,-769.2,-2132.6,-31.4,2780.25
2020-03-31 00:00:00,17517.0,5530.7,-23.7,314.8,1445.4,3391.0,2173.4,2160.9,670.0,1163.1,98.3,1885.7,-140.3,2026.0,415.5,DR REDDY'S LABORATORIES LTD,83.1,15616.3,2210.2,5313.7,23223.3,23223.3,6850.3,1535.1,2677.8,12160.1,23223.3,23223.3,5027.8,3506.7,205.3,166172082.0,,5.0,2984.1,-494.8,-2515.9,-26.6,3120.75
2021-03-31 00:00:00,19047.5,6869.4,790.5,320.5,1574.4,3639.0,2389.2,1171.4,335.2,1228.8,97.0,2883.5,931.9,1951.6,416.0,DR REDDY'S LABORATORIES LTD,83.2,17755.2,3030.8,5718.7,26587.9,26587.9,8205.7,1565.1,2807.7,14009.4,26587.9,26587.9,4964.1,4541.2,1482.9,166301431.0,,5.0,3570.3,-2254.7,-29.8,1285.8,4516.0
2012-03-31 00:00:00,11405.31,217.69,-94.44,1227.84,2002.8,577.88,1094.02,121.18,1499.7,610.67,13.95,6944.54,1418.5,5526.04,1014.07,HINDUSTAN ZINC LTD,845.06,26036.2,0.39,2603.34,29484.99,29484.99,8512.82,444.96,12694.85,7832.36,29484.99,29484.99,332.45,797.94,5255.32,4225319000.0,,2.0,4492.05,-3498.58,-1241.65,-248.18,132.35
2013-03-31 00:00:00,12699.84,766.34,112.54,1070.46,2379.28,650.32,1337.54,80.82,1966.4,647.04,26.86,7820.12,920.64,6899.48,1309.84,HINDUSTAN ZINC LTD,845.06,31430.68,,3189.67,35465.41,35465.41,8483.74,1081.85,14539.88,11359.94,35465.41,35465.41,402.87,1111.09,6942.1,4225319000.0,,2.0,4785.01,-3269.33,-1254.55,261.13,121.3
2014-03-31 00:00:00,13636.04,501.26,155.16,1155.13,2890.56,742.3,1556.67,26.55,1880.51,784.59,44.94,7969.71,1065.09,6904.62,1478.86,HINDUSTAN ZINC LTD,845.06,36572.55,,4259.06,41676.67,41676.67,9147.25,1540.94,22506.39,8482.09,41676.67,41676.67,399.51,1198.24,3031.42,4225319000.0,,2.0,5471.16,-3955.49,-1577.4,-61.73,128.9
2015-03-31 00:00:00,14788.39,520.75,145.45,1168.48,3041.04,842.5,1720.95,190.17,2787.87,644.19,23.51,9570.12,1392.12,8178.0,1859.13,HINDUSTAN ZINC LTD,845.06,42508.01,,5638.93,48992.0,48992.0,9446.17,2004.71,27253.59,10287.53,48992.0,48992.0,658.82,1211.75,3531.51,4225319000.0,,2.0,5530.7,-3806.96,-1902.01,-178.27,162.15
2016-03-31 00:00:00,14181.0,51.0,-184.0,1404.0,2916.0,805.0,2012.0,551.0,3127.0,745.0,17.0,8623.0,448.0,8175.0,11745.5,HINDUSTAN ZINC LTD,845.0,36540.0,,15810.0,53195.0,53195.0,10385.0,2428.0,35221.0,5161.0,53195.0,53195.0,107.0,1058.0,53.0,4225319000.0,,2.0,6451.0,-3236.0,-3214.0,1.0,183.6
2017-03-31 00:00:00,17273.0,362.0,676.0,1060.0,3206.0,723.0,2647.0,212.0,2474.0,1811.0,202.0,10200.0,1884.0,8316.0,12421.5,HINDUSTAN ZINC LTD,845.0,29960.0,7908.0,13082.0,51795.0,51795.0,9993.0,3071.0,23783.0,14948.0,51795.0,51795.0,136.0,1936.0,8380.0,4225319000.0,,2.0,7588.0,12007.0,-11266.0,8329.0,288.8
2018-03-31 00:00:00,22082.0,,-498.0,1653.0,3654.0,777.0,3019.0,211.0,1956.0,1483.0,246.0,12497.0,3221.0,9276.0,3380.0,HINDUSTAN ZINC LTD,845.0,35087.0,,7000.0,42932.0,42932.0,11302.0,3220.0,20222.0,8188.0,42932.0,42932.0,184.0,1379.0,1964.0,4225319000.0,,2.0,9800.0,2396.0,-18612.0,-6416.0,300.55
2019-03-31 00:00:00,21118.0,,64.0,1758.0,4513.0,906.0,2998.0,337.0,1782.0,1883.0,113.0,10456.0,2500.0,7956.0,8450.0,HINDUSTAN ZINC LTD,845.0,32760.0,2538.0,6315.0,42458.0,42458.0,14778.0,2254.0,19488.0,5938.0,42458.0,42458.0,196.0,1544.0,23.0,4225319000.0,,2.0,8781.0,-1092.0,-9630.0,-1941.0,276.85
2020-03-31 00:00:00,18561.0,,291.0,1704.0,4612.0,690.0,2675.0,301.0,1911.0,2279.0,112.0,8390.0,1585.0,6805.0,6971.25,HINDUSTAN ZINC LTD,845.0,39465.0,611.0,6054.0,46975.0,46975.0,16469.0,2489.0,20329.0,7688.0,46975.0,46975.0,379.0,1835.0,1918.0,4225319000.0,,2.0,6621.0,-2648.0,-2098.0,1875.0,155.4
2021-03-31 00:00:00,22629.0,,-239.0,1732.0,4766.0,761.0,3122.0,337.0,1819.0,2531.0,386.0,10574.0,2594.0,7980.0,8999.25,HINDUSTAN ZINC LTD,845.0,31468.0,7177.0,6237.0,45727.0,45727.0,16808.0,1922.0,12957.0,14040.0,45727.0,45727.0,406.0,1425.0,9376.0,4225319000.0,,2.0,10567.0,-2435.0,-9697.0,-1565.0,272.9
2012-03-31 00:00:00,1018.88,263.76,2.09,47.73,70.22,199.91,216.76,31.95,-0.55,37.97,,152.12,48.83,103.29,,JUBILANT FOODWORKS LTD,65.08,231.22,,170.77,467.07,467.07,254.27,13.54,92.27,106.99,467.07,467.07,6.41,18.7,12.94,65077940.0,,10.0,167.18,-167.46,2.22,1.94,588.08
2013-03-31 00:00:00,1414.31,369.58,-0.38,73.58,87.5,271.51,312.47,56.01,6.25,55.58,0.06,193.89,62.79,131.1,,JUBILANT FOODWORKS LTD,65.28,364.48,,222.03,651.79,651.79,395.04,10.18,94.01,152.56,651.79,651.79,8.09,24.03,37.5,65283390.0,,10.0,208.71,-190.57,1.49,19.63,623.48
2014-03-31 00:00:00,1736.31,454.13,0.72,104.51,113.3,341.15,404.16,69.83,9.03,78.72,,180.26,62.01,118.24,,JUBILANT FOODWORKS LTD,65.44,484.59,,311.95,861.98,861.98,546.37,19.64,93.75,202.22,861.98,861.98,9.04,33.08,24.22,65439030.0,,10.0,225.05,-232.79,1.47,-6.27,532.03
2015-03-31 00:00:00,2092.76,528.71,0.82,123.64,136.12,444.47,521.63,82.53,6.12,101.12,,161.48,50.4,111.08,16.39,JUBILANT FOODWORKS LTD,65.57,580.49,,428.64,1074.7,1074.7,737.28,19.88,74.61,242.93,1074.7,1074.7,11.87,43.34,38.91,65569790.0,,10.0,276.11,-262.29,0.87,14.68,739.18
2016-03-31 00:00:00,2437.98,580.25,0.19,139.95,156.5,576.77,620.24,99.04,9.84,128.24,,147.02,50.13,96.89,16.45,JUBILANT FOODWORKS LTD,65.8,696.2,,460.03,1222.03,1222.03,828.45,26.1,90.81,276.67,1222.03,1222.03,12.48,55.17,33.17,65795106.0,,10.0,211.68,-199.75,-17.67,-5.74,638.43
2017-03-31 00:00:00,2583.39,631.3,0.53,145.86,174.48,595.63,726.91,65.17,-0.87,155.43,,88.27,30.5,57.77,16.49,JUBILANT FOODWORKS LTD,65.95,739.35,,485.34,1290.64,1290.64,800.15,60.77,93.57,336.15,1290.64,1290.64,16.1,60.72,35.39,65949070.0,,10.0,203.59,-188.3,-14.82,0.47,553.68
2018-03-31 00:00:00,3018.4,767.43,1.47,160.31,188.89,615.21,769.62,76.41,21.17,160.11,,303.06,106.83,196.23,32.99,JUBILANT FOODWORKS LTD,65.98,923.79,,506.97,1496.74,1496.74,789.22,14.22,263.1,430.2,1496.74,1496.74,15.65,64.21,129.03,65984520.0,,10.0,409.01,-331.94,-34.72,42.35,1162.93
2019-03-31 00:00:00,3563.14,885.31,-0.8,168.99,233.07,683.54,893.84,94.97,44.5,157.45,,489.67,171.7,319.79,65.98,JUBILANT FOODWORKS LTD,131.97,1140.83,,582.94,1855.74,1855.74,809.46,15.72,180.8,849.76,1855.74,1855.74,27.44,77.08,494.27,131969040.0,65984520.0,10.0,423.52,-457.49,-16.7,-50.68,1444.0
2020-03-31 00:00:00,3927.27,984.5,1.03,172.62,246.25,797.84,745.31,99.06,37.58,352.28,165.24,402.78,123.99,279.98,79.18,JUBILANT FOODWORKS LTD,131.97,1002.13,1670.06,565.72,3369.88,3369.88,2188.72,41.17,51.18,1088.81,3369.88,3369.88,16.64,94.72,655.88,131969040.0,65984520.0,10.0,727.79,-98.71,-461.43,167.65,1471.45
2021-03-31 00:00:00,3311.87,727.58,1.34,147.6,261.9,748.46,570.78,76.85,64.23,375.4,162.7,306.17,75.65,231.67,79.18,JUBILANT FOODWORKS LTD,131.97,1310.75,1619.98,704.08,3766.78,3766.78,2145.5,28.55,516.74,1075.99,3766.78,3766.78,16.8,133.13,539.18,131969040.0,65984520.0,10.0,750.64,-602.14,-288.74,-140.24,2910.95
2012-03-31 00:00:00,3979.67,1854.27,50.78,13.54,558.27,307.71,794.1,17.43,30.09,72.52,42.39,400.31,78.25,317.11,43.04,MARICO LTD,61.49,1081.52,784.8,689.21,2617.02,2617.02,857.16,40.17,295.65,1424.04,2617.02,2617.02,208.28,720.22,132.1,614934387.0,,1.0,397.13,-352.0,-118.69,-73.56,86.04
2013-03-31 00:00:00,4596.18,1951.13,127.46,42.92,647.58,371.25,1046.37,38.22,70.35,86.62,58.02,551.88,146.19,395.86,64.48,MARICO LTD,64.48,1917.02,871.87,853.86,3707.23,3707.23,1670.28,147.68,151.63,1737.64,3707.23,3707.23,196.55,862.69,266.75,644771799.0,,1.0,431.86,-829.88,442.25,44.23,104.49
2014-03-31 00:00:00,4686.52,1879.66,-45.21,33.01,706.53,285.95,953.87,34.6,58.2,76.86,34.45,694.58,190.48,485.38,225.72,MARICO LTD,64.49,1296.14,679.79,924.53,2964.95,2964.95,887.61,4.39,310.53,1762.42,2964.95,2964.95,223.19,796.24,406.4,644900000.0,,1.0,660.47,-201.95,-339.32,119.2,104.58
2015-03-31 00:00:00,5732.98,2721.83,109.53,31.7,765.4,326.43,1085.46,41.64,58.89,84.34,22.95,821.65,236.77,573.45,161.25,MARICO LTD,64.5,1760.28,427.92,872.58,3125.28,3125.28,1075.92,3.03,283.8,1762.53,3125.28,3125.28,176.75,994.71,204.94,644981999.0,,1.0,664.84,-186.15,-625.47,-146.78,192.88
2016-03-31 00:00:00,6017.32,3010.45,-60.1,31.06,262.14,374.71,1119.56,107.92,92.8,94.86,20.62,1028.7,305.37,711.48,548.34,MARICO LTD,129.02,1888.35,331.32,1009.64,3358.33,3358.33,1050.43,36.73,543.86,1727.31,3358.33,3358.33,252.09,925.56,317.14,1290171198.0,645085599.0,1.0,817.62,-202.53,-600.99,14.1,244.3
2017-03-31 00:00:00,5917.79,2430.11,56.67,29.32,725.24,406.0,1158.93,65.59,96.31,90.3,16.58,1148.7,337.73,798.59,451.68,MARICO LTD,129.05,2257.32,238.8,998.04,3623.21,3623.21,1084.7,11.16,608.21,1919.14,3623.21,3623.21,246.99,1253.44,235.96,1290471198.0,,1.0,648.73,-125.29,-573.95,-50.51,294.85
2018-03-31 00:00:00,6322.0,3129.0,220.0,34.0,729.0,422.0,1556.0,-465.0,85.0,89.0,16.0,1117.0,290.0,814.0,548.25,MARICO LTD,129.0,2456.0,312.0,1175.0,4072.0,4072.0,1110.0,27.0,543.0,2392.0,4072.0,4072.0,340.0,1511.0,201.0,1290864398.0,,1.0,516.0,59.0,-567.0,8.0,326.05
2019-03-31 00:00:00,7334.0,3627.0,123.0,37.0,825.0,466.0,1701.0,-524.0,103.0,131.0,40.0,1257.0,126.0,1114.0,612.75,MARICO LTD,129.0,2873.0,352.0,1542.0,4896.0,4896.0,1300.0,45.0,450.0,3101.0,4896.0,4896.0,517.0,1411.0,552.0,1290864398.0,,1.0,1062.0,-367.0,-698.0,-3.0,346.65
2020-03-31 00:00:00,7315.0,3072.0,-140.0,36.0,850.0,478.0,1931.0,-661.0,95.0,140.0,50.0,1374.0,331.0,1021.0,870.75,MARICO LTD,129.0,2921.0,338.0,1576.0,4964.0,4964.0,1396.0,58.0,733.0,2777.0,4964.0,4964.0,539.0,1380.0,279.0,1291018088.0,,1.0,1214.0,-22.0,-1147.0,45.0,274.85
2021-03-31 00:00:00,8048.0,3756.0,-47.0,27.0,772.0,570.0,1960.0,-673.0,107.0,139.0,34.0,1523.0,324.0,1172.0,967.5,MARICO LTD,129.0,3151.0,351.0,1795.0,5426.0,5426.0,1612.0,24.0,854.0,2936.0,5426.0,5426.0,388.0,1126.0,944.0,1291018088.0,,1.0,2068.0,-933.0,-1119.0,16.0,411.3
2012-03-31 00:00:00,65230.65,,,43883.38,2347.0,4004.81,1733.33,-2033.55,3087.61,3107.09,2138.94,13137.26,3322.6,9812.79,3380.64,NTPC LTD,8245.46,66157.33,59803.6,21048.55,155254.94,155254.94,51131.49,50398.26,6545.34,47179.85,155254.94,155254.94,6681.02,4177.91,18087.39,8245464400.0,,10.0,11396.96,-9582.93,-1582.81,231.22,135.62
2013-03-31 00:00:00,71518.28,,,46194.85,2632.02,4490.02,1720.89,-1668.08,4776.75,3823.22,2491.16,16610.95,4024.73,12590.78,4810.4,NTPC LTD,8245.46,72995.49,70418.78,27115.92,178775.65,178775.65,71832.71,46554.64,4922.88,55465.42,178775.65,178775.65,6096.15,4640.85,18738.12,8245464400.0,,10.0,16507.79,-16845.17,988.11,650.73,118.29
2014-03-31 00:00:00,78329.51,,-1.66,50771.68,2891.35,5037.21,2011.42,-2110.48,2791.95,4769.99,3262.87,14485.76,3082.36,11403.61,4741.14,NTPC LTD,8245.46,79084.26,81454.98,31333.5,200118.2,200118.2,84207.98,53824.96,3300.42,58784.84,200118.2,200118.2,6725.66,6061.55,17050.67,8245464400.0,,10.0,16530.84,-15509.23,-2709.06,-1687.45,99.92
2015-03-31 00:00:00,79956.74,,-4.64,54268.2,3324.75,4882.73,2066.78,-1942.48,2337.68,5564.61,3668.98,10456.21,463.84,9986.34,2061.36,NTPC LTD,8245.46,73848.52,102252.0,35366.06,219712.04,219712.04,91853.02,67554.69,1901.51,58402.82,219712.04,219712.04,9249.92,8059.7,14251.61,8245464400.0,,10.0,14888.53,-15977.16,-1474.5,-2563.13,122.37
2016-03-31 00:00:00,73396.32,,,47727.29,2230.5,4694.39,1650.18,-1473.54,1187.69,5771.24,3366.03,10617.92,-162.81,10801.15,2762.23,NTPC LTD,8245.46,83330.12,99423.55,33665.93,224665.06,224665.06,92929.36,75045.53,6473.36,50216.81,224665.06,224665.06,8288.79,7144.55,4938.32,8245464400.0,,10.0,24124.87,-19161.54,-3899.34,1063.99,107.37
2017-03-31 00:00:00,82042.49,,,52550.45,2563.56,5243.14,1631.95,-1544.14,1591.51,6009.91,3752.8,13426.33,2712.39,10719.64,3941.33,NTPC LTD,8245.46,89592.56,113773.2,36989.6,248600.82,248600.82,104531.66,86895.71,7613.92,49559.53,248600.82,248600.82,8963.89,6689.59,3301.46,8245464400.0,,10.0,20166.56,-24480.13,3137.96,-1175.61,138.33
2018-03-31 00:00:00,88083.31,,,55690.57,2936.86,5758.75,1785.21,-573.49,5575.55,7459.93,4446.59,16154.44,5652.94,10543.95,4221.68,NTPC LTD,8245.46,95318.01,130048.56,48880.23,282492.26,282492.26,128245.42,83386.1,8875.61,61985.13,282492.26,282492.26,8812.19,6270.88,4387.6,8245464400.0,,10.0,19669.61,-20678.11,1027.78,19.28,141.42
2019-03-31 00:00:00,100286.54,,,62852.55,3470.16,5914.48,2615.71,2723.27,2817.86,8669.03,5604.65,11254.55,-2779.94,13736.68,6015.89,NTPC LTD,9894.56,101461.65,173058.23,62508.55,346922.99,346922.99,150984.53,118396.86,8132.31,69409.29,346922.99,346922.99,12363.52,8513.45,2933.43,9894557280.0,1649092880.0,10.0,18685.65,-24063.28,4926.75,-450.88,134.7
2020-03-31 00:00:00,109464.04,,,65902.75,3819.89,5897.38,3318.89,-1075.99,8193.57,10356.16,8189.01,21249.52,9347.54,11600.23,3116.79,NTPC LTD,9894.56,108944.6,200629.67,58202.15,377670.98,377670.98,187802.79,98508.47,9306.59,82053.13,377670.98,377670.98,20370.8,11422.39,3214.29,9894557280.0,1649092880.0,10.0,24583.22,-30321.7,6004.26,265.78,84.2
2021-03-31 00:00:00,111531.15,,,56099.26,,5953.93,,15504.13,5090.55,12450.31,9224.14,17389.93,2420.53,14634.63,5963.45,NTPC LTD,9696.67,116041.8,197236.53,75991.21,398966.21,398966.21,203347.05,97404.16,10589.25,87625.75,398966.21,398966.21,17718.07,9809.6,4387.8,,,10.0,32444.06,-21034.45,-11049.11,360.5,106.55
2013-03-31 00:00:00,14059.84,,,,11339.35,613.21,1327.37,255.39,27.56,35.06,14.63,502.39,55.16,447.23,,HDFC LIFE INSURANCE COMPANY LTD,1994.88,-657.7,,40580.76,41917.94,41917.94,252.33,29.48,40404.0,1232.13,41917.94,41917.94,,,464.09,1994880096.0,,10.0,,,,,
2014-03-31 00:00:00,17165.59,,,,14756.23,654.46,1436.78,-286.51,241.21,40.71,10.99,794.14,68.83,725.31,99.74,HDFC LIFE INSURANCE COMPANY LTD,1994.88,-66.81,,50346.8,52274.87,52274.87,279.38,10.13,50527.12,1458.24,52274.87,52274.87,,,445.04,1994880096.0,,10.0,,,,,
2015-03-31 00:00:00,27215.02,,,,23893.31,770.11,1506.43,171.54,78.91,42.72,-14.1,923.92,138.41,785.51,139.64,HDFC LIFE INSURANCE COMPANY LTD,1994.88,546.4,,66767.24,69308.52,69308.52,346.03,6.44,67023.56,1932.49,69308.52,69308.52,,,572.5,1994880096.0,,10.0,4459.49,-3514.47,-167.56,777.46,
2016-03-31 00:00:00,18140.55,,,,14176.49,859.07,1878.56,273.17,107.68,44.91,8.1,1007.93,191.14,816.79,179.58,HDFC LIFE INSURANCE COMPANY LTD,1995.29,1108.2,,73440.89,76544.38,76544.38,335.2,12.16,74143.68,2053.34,76544.38,76544.38,,,727.39,1995288138.0,,10.0,5687.45,-3962.02,-212.43,1513.0,
2017-03-31 00:00:00,30646.61,,,,26061.77,1118.6,2261.96,232.05,138.98,41.24,9.06,1060.91,173.99,886.92,219.83,HDFC LIFE INSURANCE COMPANY LTD,1998.48,1827.84,,91270.25,95096.57,95096.57,337.37,16.09,91723.43,3019.68,95096.57,95096.57,,,797.38,1998475283.0,,10.0,6230.24,-5177.27,-235.58,817.39,
2018-03-31 00:00:00,32259.93,,,,26438.9,1291.77,3178.95,276.27,281.66,44.45,10.76,1300.49,193.29,1107.2,273.6,HDFC LIFE INSURANCE COMPANY LTD,2011.74,2692.48,,105778.6,110482.82,110482.82,336.42,5.28,106589.88,3551.24,110482.82,110482.82,,,1110.5,2011740043.0,,10.0,6739.28,-4420.91,-196.35,2122.03,454.45
2019-03-31 00:00:00,38857.49,,,,33759.26,1411.08,2330.79,141.81,135.65,45.24,13.94,1291.02,13.09,1277.93,328.83,HDFC LIFE INSURANCE COMPANY LTD,2017.38,3624.83,,124378.2,130020.41,130020.41,323.69,10.19,124957.97,4728.56,130020.41,130020.41,205.5,,1244.45,2017381157.0,,10.0,9868.3,-10182.02,-337.17,-650.89,378.5
2020-03-31 00:00:00,29402.74,,,,22966.99,1681.75,2194.54,1496.11,446.18,46.57,,1462.96,165.51,1297.44,,HDFC LIFE INSURANCE COMPANY LTD,2018.8,4782.23,,125422.82,132223.85,132223.85,322.3,8.41,127255.71,4637.43,132223.85,132223.85,,,690.75,2018798399.0,,10.0,7387.66,-7789.29,37.97,-363.66,441.35
2021-03-31 00:00:00,71528.03,,,,65152.57,1681.0,2532.1,1137.8,654.8,50.69,,1628.67,267.8,1360.87,408.23,HDFC LIFE INSURANCE COMPANY LTD,2020.94,6616.88,600.0,170403.44,179641.26,179641.26,584.68,14.24,173563.57,5478.77,179641.26,179641.26,,,1099.26,2020943966.0,,10.0,9702.84,-8951.67,678.29,1429.45,696.2
2011-12-31 00:00:00,10153.19,1667.46,95.68,2199.06,973.78,574.33,2431.04,481.97,191.01,510.04,96.91,1505.29,215.45,1300.8,526.26,ACC LTD,187.95,6791.1,510.73,4431.2,11920.98,11920.98,6406.45,370.0,1293.1,3851.43,11920.98,11920.98,265.69,1112.78,1659.92,188129416.0,,10.0,1575.98,-258.42,-768.46,549.1,1136.9
2012-12-31 00:00:00,11275.03,1710.17,-20.12,2384.34,1022.45,617.86,2696.12,627.33,-72.1,568.9,114.65,1440.99,391.08,1059.28,563.85,ACC LTD,187.95,7184.48,163.06,4392.69,11928.18,11928.18,5931.38,314.87,2478.67,3203.26,11928.18,11928.18,302.76,1134.4,680.7,188129416.0,,10.0,1576.86,-307.91,-1066.02,202.93,1432.2
2013-12-31 00:00:00,11061.81,1769.9,-6.53,2378.1,974.56,662.55,2900.18,724.16,265.15,583.79,113.55,1213.64,131.91,1094.67,563.85,ACC LTD,187.95,7625.43,35.03,4252.65,12101.06,12101.06,5569.98,832.19,2125.57,3573.32,12101.06,12101.06,397.18,1122.3,505.72,188129416.0,,10.0,1063.44,-861.58,-834.47,-632.61,1108.75
2014-12-31 00:00:00,11645.52,1981.9,11.28,2444.47,1009.09,748.05,3222.45,721.67,240.75,567.62,82.76,1119.54,-31.13,1161.82,639.03,ACC LTD,187.95,8029.73,,4463.95,12681.63,12681.63,5665.99,1955.9,1385.16,3674.58,12681.63,12681.63,410.6,1256.38,309.78,188129416.0,,10.0,1352.18,-1456.72,-837.09,-941.63,1400.15
2015-12-31 00:00:00,11706.36,1848.07,-0.05,2396.67,3646.71,772.16,722.14,737.58,-90.22,662.59,64.64,765.53,189.98,587.6,319.52,ACC LTD,187.95,8233.19,,4378.82,12799.96,12799.96,5330.82,2396.11,1314.15,3758.88,12799.96,12799.96,484.43,1189.43,94.03,188129416.0,91952100.0,10.0,1456.62,-904.05,-716.28,-163.71,1360.65
2016-12-31 00:00:00,10989.72,1589.78,-16.99,2159.91,854.94,756.72,3377.96,775.39,115.13,609.18,78.67,885.31,226.89,658.29,319.58,ACC LTD,187.99,8625.44,,4580.51,13393.94,13393.94,7567.77,260.98,117.18,5448.01,13393.94,13393.94,533.18,1224.63,1977.16,188171323.0,,10.0,1389.54,-533.33,-429.88,426.33,1331.05
2017-12-31 00:00:00,13285.13,1980.88,14.9,2716.94,855.14,821.36,4269.84,740.51,136.85,643.62,98.53,1310.06,385.55,924.41,488.77,ACC LTD,187.99,9167.86,,5489.89,14845.74,14845.74,7280.06,269.25,94.86,7201.57,14845.74,14845.74,665.97,1404.78,2728.55,188171323.0,,10.0,1554.45,-378.64,-425.78,750.03,1758.4
2018-12-31 00:00:00,14801.62,2457.43,124.98,3000.83,907.83,883.58,4878.26,750.55,152.98,603.22,87.77,1510.11,-10.51,1520.47,263.19,ACC LTD,187.99,10343.91,,5524.05,16055.95,16055.95,7088.17,397.78,104.1,8465.9,16055.95,16055.95,867.37,1679.39,3096.98,188171323.0,,10.0,1117.54,-363.53,-380.46,373.55,1508.1
2019-12-31 00:00:00,15657.55,2618.08,-100.81,3134.01,910.9,866.11,4893.0,721.86,332.45,606.44,86.27,2052.52,674.98,1377.41,263.19,ACC LTD,187.99,11355.78,,5592.21,17135.98,17135.98,7026.73,445.67,116.18,9547.4,17135.98,17135.98,626.65,1141.93,4647.73,188171323.0,,10.0,2254.71,-321.23,-374.16,1559.32,1445.65
2020-12-31 00:00:00,13785.98,2370.1,-142.41,2574.65,728.95,841.21,4038.08,735.47,49.66,638.84,57.08,1708.85,278.59,1430.18,263.19,ACC LTD,187.99,12511.14,83.98,5417.12,18200.23,18200.23,6694.44,548.11,129.27,10828.41,18200.23,18200.23,451.41,901.27,6005.7,188171323.0,,10.0,2219.19,-535.0,-327.36,1356.83,1617.65
2012-03-31 00:00:00,33734.0,,,184.0,1611.0,18348.0,2663.0,201.0,1904.0,928.0,4.0,11699.0,3367.0,8332.0,2688.4,INFOSYS LTD,286.0,31046.0,,7025.0,38357.0,38357.0,5555.0,590.0,372.0,31840.0,38357.0,38357.0,5882.0,,20591.0,571396401.0,,5.0,6394.0,-147.0,-2322.0,3925.0,358.29
2013-03-31 00:00:00,40352.0,,,215.0,2440.0,22573.0,3305.0,281.0,2365.0,1099.0,5.0,12799.0,3370.0,9429.0,2402.4,INFOSYS LTD,286.0,37708.0,,8281.0,46275.0,46275.0,7139.0,1140.0,2116.0,35880.0,46275.0,46275.0,7083.0,,21832.0,571402566.0,,5.0,7373.0,-2922.0,-3210.0,1241.0,361.17
2014-03-31 00:00:00,50133.0,,,219.0,3157.0,28840.0,3591.0,936.0,2664.0,1317.0,9.0,14728.0,4072.0,10656.0,3603.6,INFOSYS LTD,286.0,44244.0,,12436.0,56966.0,56966.0,8378.0,961.0,4331.0,43296.0,56966.0,56966.0,8351.0,,25950.0,571402566.0,,5.0,9825.0,-2563.0,-3144.0,4118.0,410.35
2015-03-31 00:00:00,53319.0,,,219.0,3979.0,29811.0,3385.0,1042.0,3430.0,1017.0,12.0,17284.0,4911.0,12372.0,6806.8,INFOSYS LTD,572.0,50164.0,,15553.0,66289.0,66289.0,11346.0,776.0,2270.0,51897.0,66289.0,66289.0,9713.0,,30367.0,1142805132.0,574236166.0,5.0,8353.0,999.0,-4935.0,4417.0,554.59
2016-03-31 00:00:00,62441.0,,,217.0,5860.0,34415.0,4441.0,429.0,3120.0,1459.0,,18740.0,5251.0,13489.0,5548.4,INFOSYS LTD,1144.0,60600.0,,13354.0,75098.0,75098.0,13386.0,960.0,1892.0,58860.0,75098.0,75098.0,11330.0,,32697.0,2285621088.0,1148472332.0,5.0,10028.0,-885.0,-6813.0,2330.0,609.15
2017-03-31 00:00:00,68484.0,,,228.0,6712.0,37669.0,4584.0,687.0,3050.0,1703.0,,19951.0,5598.0,14353.0,5891.6,INFOSYS LTD,1144.0,67838.0,,14166.0,83148.0,83148.0,14179.0,1365.0,16423.0,51181.0,83148.0,83148.0,12322.0,,22625.0,2285655150.0,,5.0,11531.0,-14664.0,-6939.0,-10072.0,511.13
2018-03-31 00:00:00,70522.0,,,207.0,7286.0,38902.0,4585.0,720.0,3311.0,1863.0,,20270.0,4241.0,16029.0,9465.6,INFOSYS LTD,1088.0,63835.0,,14426.0,79349.0,79349.0,12574.0,1606.0,12163.0,53006.0,79349.0,79349.0,13142.0,,19818.0,2173312301.0,,5.0,13218.0,4533.0,-20505.0,-2754.0,565.9
2019-03-31 00:00:00,82675.0,,,221.0,9902.0,45323.0,5553.0,1506.0,2882.0,2011.0,,21041.0,5631.0,15404.0,9222.5,INFOSYS LTD,2170.0,62778.0,,19118.0,84066.0,84066.0,15710.0,1388.0,11261.0,55707.0,84066.0,84066.0,14827.0,,19568.0,4335954462.0,2184191490.0,5.0,14841.0,-632.0,-14512.0,-303.0,743.85
2020-03-31 00:00:00,90791.0,,,229.0,11086.0,50895.0,5375.0,939.0,2803.0,2893.0,170.0,22007.0,5368.0,16594.0,7427.0,INFOSYS LTD,2122.0,63328.0,4633.0,21717.0,91800.0,91800.0,23789.0,954.0,8792.0,58265.0,91800.0,91800.0,18487.0,,18649.0,4240753210.0,,5.0,17003.0,-331.0,-17591.0,-919.0,641.5
2021-03-31 00:00:00,100472.0,,,143.0,12800.0,55547.0,3194.0,899.0,2201.0,3267.0,195.0,26628.0,7205.0,19351.0,11469.6,INFOSYS LTD,2124.0,74227.0,5325.0,25835.0,107511.0,107511.0,25505.0,922.0,14205.0,66879.0,107511.0,107511.0,19294.0,,24714.0,4245146114.0,,5.0,23224.0,-7373.0,-9786.0,6065.0,1368.05
2012-03-31 00:00:00,10323.46,,,83.52,250.85,1285.95,551.31,-273.39,887.58,2637.39,1985.75,4689.66,1386.67,3302.99,976.87,POWER GRID CORPORATION OF INDIA LTD,4629.73,18953.48,54355.44,14193.86,92132.51,92132.51,48414.89,28885.52,773.7,14058.4,92132.51,92132.51,1529.19,441.51,3111.34,4629725353.0,,10.0,8581.99,-18494.82,8218.3,-1694.53,81.11
2013-03-31 00:00:00,13081.01,,,109.0,368.25,1419.31,577.42,-229.83,966.01,3427.8,2599.44,5775.63,1463.02,4312.61,1321.32,POWER GRID CORPORATION OF INDIA LTD,4629.73,21773.38,69233.4,17747.82,113384.33,113384.33,62568.49,35265.42,586.37,14964.05,113384.33,113384.33,1491.38,553.1,2678.89,4629725353.0,,10.0,11689.68,-22084.01,9961.88,-432.45,79.35
2014-03-31 00:00:00,15555.22,,,125.41,629.34,1496.17,638.88,-301.41,725.21,4079.38,3253.66,6359.0,1811.42,4547.58,1349.75,POWER GRID CORPORATION OF INDIA LTD,5231.59,29466.35,84219.58,22562.38,141479.9,141479.9,74251.67,50069.07,423.44,16735.72,141479.9,141479.9,1618.29,713.71,4974.37,5231589600.0,,10.0,15222.52,-26639.12,13712.08,2295.48,78.75
2015-03-31 00:00:00,17539.96,,,174.35,516.0,1706.47,710.14,-494.2,731.47,5173.33,4081.23,6404.11,1357.86,5046.25,1046.32,POWER GRID CORPORATION OF INDIA LTD,5231.59,33207.14,96243.41,26102.3,160784.44,160784.44,91191.06,53681.28,219.59,15692.51,160784.44,160784.44,2206.96,739.0,2988.55,5231589648.0,,10.0,15800.08,-24184.66,6398.76,-1985.82,108.94
2016-03-31 00:00:00,20652.08,,,161.29,529.47,1503.19,719.17,-444.92,655.71,6181.82,5086.23,7571.54,1612.93,5958.61,1208.5,POWER GRID CORPORATION OF INDIA LTD,5231.59,38738.34,108544.91,26797.05,179311.89,179311.89,115094.18,45610.96,918.55,17688.2,179311.89,179311.89,2739.47,727.59,2243.35,5231589648.0,,10.0,15008.08,-21576.5,5620.82,-947.6,104.33
2017-03-31 00:00:00,25697.44,,,228.02,675.05,1911.6,655.18,-222.37,932.84,7722.25,6203.55,9457.0,2006.27,7450.73,2275.74,POWER GRID CORPORATION OF INDIA LTD,5231.59,44633.91,118987.91,26808.84,195662.25,195662.25,137677.86,38264.34,1164.96,18555.09,195662.25,195662.25,3131.93,924.2,3353.63,5231589648.0,,10.0,21575.27,-23835.97,3958.56,1697.86,147.98
2018-03-31 00:00:00,29953.62,,,244.12,757.08,2150.29,935.8,-94.67,4064.88,9230.99,7324.14,13470.75,5266.75,8204.0,2746.58,POWER GRID CORPORATION OF INDIA LTD,5231.59,49194.4,131502.96,39425.41,225354.36,225354.36,156198.27,37668.57,1223.97,30263.55,225354.36,225354.36,3640.02,1087.66,2189.02,5231589648.0,,10.0,22710.12,-25701.45,1284.68,-1706.65,144.94
2019-03-31 00:00:00,35059.12,,,266.13,964.13,2300.54,965.85,3642.97,1505.19,10540.95,8736.57,9147.17,-886.35,10033.52,4357.91,POWER GRID CORPORATION OF INDIA LTD,5231.59,53856.8,146376.36,41915.55,247380.3,247380.3,172739.62,37631.06,1296.42,35713.2,247380.3,247380.3,4728.1,1269.96,4336.65,5231589648.0,,10.0,23271.16,-18727.45,-2430.78,2112.93,148.43
2020-03-31 00:00:00,37743.54,,,287.04,943.57,2448.57,1046.63,132.01,2820.47,11607.04,9509.0,14590.15,3530.75,11059.4,5231.59,POWER GRID CORPORATION OF INDIA LTD,5231.59,59463.76,148269.64,43706.14,256671.13,256671.13,181112.13,35177.41,1431.08,38950.51,256671.13,256671.13,5040.71,1451.37,5453.9,5231589648.0,,10.0,30738.63,-10733.49,-18805.84,1199.3,119.33
2021-03-31 00:00:00,39639.79,,,268.7,991.77,2598.44,908.94,-108.37,694.28,12039.19,8134.69,15500.71,3464.25,12036.46,5100.8,POWER GRID CORPORATION OF INDIA LTD,5231.59,64704.48,143210.33,42621.22,255767.62,255767.62,183725.97,24837.79,1485.55,45718.31,255767.62,255767.62,3675.53,1385.44,5358.71,5231589648.0,,10.0,29312.15,-9153.46,-20521.05,-362.36,161.74
2014-03-31 00:00:00,1437.98,,,1.85,272.04,54.66,233.36,355.73,73.71,0.71,300.26,293.08,,293.09,,SBI CARDS & PAYMENT SERVICES LTD,785.0,-39.02,3497.69,491.27,4734.94,4734.94,1.4,,,4733.54,4734.94,4734.94,,,161.96,785000002.0,,10.0,-397.56,1.04,474.81,78.29,
2015-03-31 00:00:00,1822.03,,,2.82,317.85,62.12,636.44,236.04,82.45,0.78,377.77,270.66,3.97,266.69,39.25,SBI CARDS & PAYMENT SERVICES LTD,785.0,180.63,4698.8,592.9,6257.33,6257.33,1.62,,,6255.71,6257.33,6257.33,,,291.46,785000002.0,,10.0,-878.88,0.63,1007.75,129.51,
2016-03-31 00:00:00,2392.04,,,2.39,412.23,79.17,849.37,274.19,100.14,0.84,435.81,438.18,154.28,283.9,78.5,SBI CARDS & PAYMENT SERVICES LTD,785.0,370.04,5928.13,797.17,7880.34,7880.34,2.06,,,7878.28,7880.34,7880.34,,,274.46,785000002.0,,10.0,-1158.21,0.65,1140.56,-17.0,
2017-03-31 00:00:00,3346.64,,,2.52,482.24,95.31,1245.27,540.85,124.4,4.79,528.43,571.63,198.76,372.86,78.5,SBI CARDS & PAYMENT SERVICES LTD,785.0,663.82,8268.42,1047.74,10764.98,10764.98,23.85,,,10741.13,10764.98,10764.98,25.28,,282.95,785000002.0,,10.0,-2234.88,-0.84,2244.23,8.51,
2018-03-31 00:00:00,5195.15,,,4.79,472.05,193.09,2230.77,814.08,174.98,24.49,711.51,919.35,318.21,601.14,,SBI CARDS & PAYMENT SERVICES LTD,785.0,1568.06,11412.82,1920.13,15686.01,15686.01,241.76,35.06,,15409.19,15686.01,15686.01,23.0,,472.68,785000002.0,,10.0,-2891.2,127.63,2953.3,189.73,
2019-03-31 00:00:00,7017.3,,,6.32,61.37,378.93,3277.41,1163.16,269.55,55.22,1009.36,1335.08,470.12,864.97,83.72,SBI CARDS & PAYMENT SERVICES LTD,837.22,2750.56,13549.38,3009.01,20146.17,20146.17,196.22,20.17,1.46,19928.32,20146.17,20146.17,148.82,,776.78,837222200.0,,10.0,-2326.74,-75.79,2824.13,421.6,
2020-03-31 00:00:00,9280.93,,,5.42,65.15,468.38,4115.64,1963.09,471.12,103.8,1300.93,1729.64,484.82,1244.82,93.9,SBI CARDS & PAYMENT SERVICES LTD,938.96,4402.26,17572.75,2392.74,25306.71,25306.71,310.91,23.66,1.46,24970.68,25306.71,25306.71,54.45,,677.36,938956794.0,,10.0,-4062.93,-77.17,3922.51,-217.59,618.65
2021-03-31 00:00:00,9300.57,,,4.43,125.89,491.58,3927.21,2673.9,412.83,123.26,1043.4,1323.73,339.21,984.52,,SBI CARDS & PAYMENT SERVICES LTD,940.53,5358.58,18068.04,2645.71,27012.86,27012.86,308.1,10.07,957.56,25737.13,27012.86,27012.86,56.82,,718.1,940525456.0,,10.0,692.32,-996.78,431.75,127.29,928.25
2012-03-31 00:00:00,1864.04,786.56,9.41,86.13,50.17,150.93,96.59,11.81,56.05,62.08,4.61,680.62,147.36,533.26,172.58,DIVI'S LABORATORIES LTD,26.55,2104.98,55.44,569.68,2756.65,2756.65,738.41,181.99,477.04,1359.21,2756.65,2756.65,495.58,678.96,30.94,132734290.0,,2.0,338.36,-204.41,-131.11,2.84,383.03
2013-03-31 00:00:00,2144.84,900.93,102.3,131.02,78.72,197.79,102.72,19.99,44.81,76.95,2.59,781.24,179.23,602.01,199.12,DIVI'S LABORATORIES LTD,26.55,2474.05,33.07,605.1,3138.77,3138.77,908.72,303.41,407.81,1518.83,3138.77,3138.77,512.0,835.69,40.89,132734290.0,,2.0,479.97,-254.54,-230.76,-5.33,493.75
2014-03-31 00:00:00,2532.14,1036.87,122.72,147.4,93.41,232.51,103.2,23.62,68.14,92.12,2.96,990.91,217.58,773.34,265.5,DIVI'S LABORATORIES LTD,26.55,2936.8,18.42,728.73,3710.5,3710.5,1221.84,144.48,501.88,1842.3,3710.5,3710.5,723.7,932.42,40.51,132734290.0,,2.0,556.75,-305.15,-248.5,3.1,682.95
2015-03-31 00:00:00,3114.94,1452.84,239.6,170.82,116.78,290.67,129.07,21.01,37.61,136.0,2.88,1072.08,220.55,851.52,265.5,DIVI'S LABORATORIES LTD,26.55,3468.81,26.62,883.16,4405.14,4405.14,1308.89,218.18,733.0,2145.07,4405.14,4405.14,741.64,1162.64,65.22,132734290.0,,2.0,826.33,-520.84,-302.95,2.54,892.73
2016-03-31 00:00:00,3776.36,1478.71,-25.37,180.34,128.01,361.4,133.97,45.99,93.2,118.18,4.74,1392.85,267.06,1125.78,265.45,DIVI'S LABORATORIES LTD,53.09,4240.21,42.47,562.2,4897.97,4897.97,1438.77,263.91,802.86,2392.43,4897.97,4897.97,880.92,1207.83,73.43,265468580.0,132734290.0,2.0,1037.86,-406.41,-631.12,0.33,987.25
2017-03-31 00:00:00,4064.34,1608.36,40.82,198.8,120.99,500.06,154.1,73.19,72.37,123.33,3.36,1395.34,334.92,1060.42,265.45,DIVI'S LABORATORIES LTD,53.09,5304.3,35.74,761.84,6154.97,6154.97,1559.19,443.57,1630.73,2521.48,6154.97,6154.97,900.92,1319.91,78.7,265468580.0,132734290.0,2.0,1150.37,-1139.6,2.38,13.15,623.85
2018-03-31 00:00:00,3891.49,1567.94,-3.33,228.73,134.6,456.45,200.09,31.34,107.18,142.49,2.37,1231.33,354.32,877.01,265.45,DIVI'S LABORATORIES LTD,53.09,5871.71,63.11,796.91,6784.82,6784.82,1996.19,119.76,1889.29,2779.58,6784.82,6784.82,1014.36,1350.67,112.46,265468580.0,132734290.0,2.0,775.86,-478.3,-314.16,-16.6,1090.2
2019-03-31 00:00:00,4946.26,2169.72,304.59,248.78,160.96,542.78,175.19,79.01,154.24,168.9,4.68,1855.07,502.33,1352.74,424.72,DIVI'S LABORATORIES LTD,53.09,6904.06,105.6,973.16,8035.91,8035.91,2087.77,491.91,1945.6,3510.63,8035.91,8035.91,1163.37,1772.34,115.26,265468580.0,,2.0,954.3,-685.4,-245.94,22.96,1703.1
2020-03-31 00:00:00,5394.42,2256.99,105.98,280.73,203.73,622.36,226.92,83.21,186.38,186.24,7.14,1819.46,442.92,1376.54,424.72,DIVI'S LABORATORIES LTD,53.09,7256.83,38.85,1182.55,8531.32,8531.32,2781.85,919.69,971.36,3858.42,8531.32,8531.32,1413.35,1863.86,122.63,265468580.0,,2.0,1215.94,-83.47,-1091.42,41.05,1989.05
2021-03-31 00:00:00,6969.4,2455.4,78.67,319.15,228.83,827.85,285.75,63.96,56.6,255.59,2.1,2666.04,681.75,1984.29,530.9,DIVI'S LABORATORIES LTD,53.09,9241.52,4.83,1471.4,10770.84,10770.84,3703.87,710.62,0.01,6356.34,10770.84,10770.84,1676.52,2145.23,2156.03,265468580.0,,2.0,1946.93,75.13,-34.89,1987.17,3622.8
2012-03-31 00:00:00,5293.94,2795.45,103.05,65.44,77.34,387.54,1024.53,153.96,54.84,103.24,53.84,790.49,146.38,644.89,243.89,DABUR INDIA LTD,174.21,1542.97,1068.09,1415.06,4200.33,4200.33,1641.23,26.76,482.52,2049.82,4200.33,4200.33,461.68,823.92,418.42,1742100854.0,,1.0,596.93,-260.5,-198.46,137.97,106.6
2013-03-31 00:00:00,6140.17,2111.59,-24.88,75.61,963.54,499.02,1279.37,194.31,100.19,84.72,58.9,948.42,182.63,763.42,261.44,DABUR INDIA LTD,174.29,1920.92,1151.35,1461.98,4708.54,4708.54,1581.88,92.57,928.62,2105.47,4708.54,4708.54,484.13,844.44,361.81,1742935011.0,,1.0,869.54,-622.16,-233.98,13.4,136.95
2014-03-31 00:00:00,7058.12,2412.91,43.45,80.47,1120.15,607.79,1491.09,227.63,125.64,97.49,54.15,1135.53,219.08,913.92,305.16,DABUR INDIA LTD,174.38,2481.58,708.14,1947.9,5312.0,5312.0,1766.9,21.71,1076.47,2446.92,5312.0,5312.0,675.3,972.51,519.38,1743813100.0,,1.0,1098.3,-104.5,-803.69,190.11,179.65
2015-03-31 00:00:00,7795.49,2633.97,25.91,90.35,1208.32,690.17,1640.96,237.41,154.24,114.98,40.12,1319.36,250.89,1065.83,351.3,DABUR INDIA LTD,175.65,3178.49,733.56,2018.58,6106.28,6106.28,1877.13,50.3,1813.37,2365.48,6106.28,6106.28,710.84,973.27,276.04,1756511990.0,,1.0,1047.21,-875.9,-416.77,-245.46,265.55
2016-03-31 00:00:00,7868.77,3920.09,70.53,84.0,89.1,794.1,1235.07,298.66,217.19,133.19,48.48,1553.8,299.9,1251.15,395.8,DABUR INDIA LTD,175.91,3994.7,805.22,1956.47,6932.3,6932.3,1667.4,44.8,2690.74,2529.36,6932.3,6932.3,809.2,1096.5,219.82,1759141170.0,1000000.0,1.0,1186.99,-730.33,-374.31,82.35,249.9
2017-03-31 00:00:00,7613.59,2659.55,23.02,87.48,1247.42,790.3,1161.4,178.85,295.93,142.86,54.03,1610.65,330.34,1276.94,396.34,DABUR INDIA LTD,176.15,4671.24,975.0,1909.85,7732.24,7732.24,1958.4,42.1,3240.16,2491.58,7732.24,7732.24,650.42,1106.71,304.81,1761520510.0,,1.0,1226.94,-807.07,-338.97,80.9,277.35
2018-03-31 00:00:00,7721.85,2775.35,65.93,93.91,1219.0,793.36,1135.38,153.34,290.88,162.18,53.05,1693.09,335.35,1354.39,1100.94,DABUR INDIA LTD,176.15,5530.37,937.59,2057.52,8701.63,8701.63,2028.11,41.51,3805.17,2826.84,8701.63,8701.63,706.08,1256.18,306.06,1761520510.0,,1.0,1091.5,-540.93,-577.11,-26.54,328.4
2019-03-31 00:00:00,8514.99,3067.95,-12.64,105.26,1327.63,938.55,1183.56,139.84,221.79,176.9,59.58,1724.87,278.62,1442.33,485.73,DABUR INDIA LTD,176.63,5455.05,699.37,2105.59,8436.64,8436.64,1969.06,63.76,3358.76,3045.06,8436.64,8436.64,833.56,1300.53,328.16,1766291141.0,,1.0,1499.13,337.58,-1888.2,-51.49,408.8
2020-03-31 00:00:00,8684.64,3138.49,65.04,107.12,1387.98,949.16,1224.59,150.0,205.29,220.45,49.54,1727.64,279.72,1444.96,530.13,DABUR INDIA LTD,176.71,6429.04,521.99,2208.84,9336.58,9336.58,2252.68,146.57,2800.26,4137.07,9336.58,9336.58,813.89,1379.57,811.37,1767063892.0,,1.0,1613.62,-516.63,-1042.97,54.02,450.05
2021-03-31 00:00:00,9546.6,3749.25,207.2,104.01,1347.34,1034.9,1388.27,128.36,325.29,240.13,30.81,2056.02,361.07,1693.3,839.52,DABUR INDIA LTD,176.74,7486.79,509.06,2660.63,10833.22,10833.22,2242.92,147.3,4159.63,4283.37,10833.22,10833.22,561.58,1734.28,1329.03,1767425349.0,,1.0,2114.67,-1404.22,-613.41,97.04,540.5
2012-03-31 00:00:00,48893.83,,,366.32,5182.6,24683.35,3587.85,638.4,428.17,917.94,22.23,13923.31,3399.86,10413.49,4893.0,TATA CONSULTANCY SERVICES LTD,195.72,29283.51,126.55,11551.26,41157.04,41157.04,8662.06,1446.37,1350.33,29698.28,41157.04,41157.04,11520.35,17.77,5813.08,1957220996.0,,1.0,7127.44,-2727.45,-3955.09,444.9,584.4
2013-03-31 00:00:00,62989.48,,,475.76,15777.08,24039.96,3532.0,1124.77,1178.23,1079.92,48.49,18089.73,4014.04,13917.31,4305.84,TATA CONSULTANCY SERVICES LTD,195.72,38350.01,232.27,13154.39,51932.39,51932.39,9828.01,1895.36,1897.34,38311.68,51932.39,51932.39,14095.58,21.15,6769.16,1957220996.0,,1.0,11614.96,-6037.61,-5729.48,-152.13,787.88
2014-03-31 00:00:00,81809.36,,,527.1,20466.04,29860.01,4278.52,1524.9,1636.74,1349.15,38.52,25401.86,6069.99,19163.87,6267.84,TATA CONSULTANCY SERVICES LTD,195.87,48998.89,296.87,17337.35,66828.98,66828.98,9544.33,3168.48,3433.74,50682.43,66828.98,66828.98,18230.4,15.21,14441.84,1958727979.0,,1.0,14751.41,-9451.67,-5673.24,-373.5,1066.58
2015-03-31 00:00:00,94648.41,,,573.87,24485.93,38701.15,4842.25,1563.5,3719.66,1798.69,104.19,26298.49,6238.79,19852.18,15473.73,TATA CONSULTANCY SERVICES LTD,195.87,50438.89,357.7,22325.46,73317.92,73317.92,11638.17,2766.37,1661.78,57251.6,73317.92,73317.92,20437.94,16.07,18556.04,1958727979.0,,1.0,19368.78,-1807.14,-17167.61,394.03,1276.98
2016-03-31 00:00:00,108646.0,,,,2571.0,55348.0,15589.0,4461.0,3084.0,1888.0,33.0,31840.0,7502.0,24270.0,8569.5,TATA CONSULTANCY SERVICES LTD,197.0,70875.0,245.0,16974.0,88291.0,88291.0,11774.0,1670.0,22822.0,52025.0,88291.0,88291.0,24073.0,16.0,6788.0,1970427941.0,,1.0,19109.0,-5010.0,-9666.0,4433.0,1260.15
2017-03-31 00:00:00,117966.0,94.0,1.0,,2715.0,61621.0,16392.0,4834.0,4221.0,1987.0,32.0,34513.0,8156.0,26289.0,9259.0,TATA CONSULTANCY SERVICES LTD,197.0,86017.0,289.0,15830.0,102333.0,102333.0,11701.0,1541.0,41980.0,47111.0,102333.0,102333.0,22617.0,21.0,4149.0,1970427941.0,,1.0,25223.0,-16895.0,-11026.0,-2698.0,1215.9
2018-03-31 00:00:00,123104.0,86.0,,,2614.0,66396.0,16808.0,4684.0,3642.0,2014.0,52.0,34092.0,8212.0,25826.0,9550.0,TATA CONSULTANCY SERVICES LTD,191.0,84937.0,247.0,19751.0,105126.0,105126.0,11973.0,1278.0,36008.0,55867.0,105126.0,105126.0,24943.0,26.0,7161.0,1914287591.0,,1.0,25067.0,3104.0,-26885.0,1286.0,1424.58
2019-03-31 00:00:00,146463.0,40.0,,,2230.0,78246.0,20387.0,6054.0,4311.0,2056.0,198.0,41563.0,10001.0,31472.0,11250.0,TATA CONSULTANCY SERVICES LTD,375.0,89071.0,62.0,24393.0,113901.0,113901.0,12290.0,963.0,29330.0,71318.0,113901.0,113901.0,27346.0,10.0,12848.0,3752384706.0,,1.0,28593.0,1645.0,-27897.0,2341.0,2001.65
2020-03-31 00:00:00,156949.0,18.0,,,1887.0,85952.0,20527.0,6456.0,4592.0,3529.0,924.0,42248.0,9801.0,32340.0,27375.0,TATA CONSULTANCY SERVICES LTD,375.0,83751.0,8174.0,27820.0,120120.0,120120.0,20928.0,906.0,26356.0,71930.0,120120.0,120120.0,30532.0,5.0,9666.0,3752384706.0,,1.0,32369.0,8968.0,-39915.0,1422.0,1826.1
2021-03-31 00:00:00,164177.0,14.0,,,1448.0,91814.0,18322.0,6033.0,1916.0,4065.0,637.0,43760.0,11198.0,32430.0,14060.0,TATA CONSULTANCY SERVICES LTD,370.0,86063.0,7795.0,35764.0,129992.0,129992.0,21021.0,926.0,29373.0,78672.0,129992.0,129992.0,30079.0,8.0,9329.0,3699051373.0,,1.0,38802.0,-7956.0,-32634.0,-1788.0,3177.85
2014-03-31 00:00:00,25275.47,18221.53,-8.36,137.46,232.61,930.35,1592.29,599.79,430.21,1107.37,11.82,2864.1,758.17,2102.66,1298.05,HERO MOTOCORP LTD,39.94,5582.7,284.26,4214.68,10121.58,10121.58,2247.29,854.74,4105.94,2913.61,10121.58,10121.58,920.58,669.55,119.83,199687500.0,,2.0,2963.02,-1615.5,-1413.73,-66.21,2274.8
2015-03-31 00:00:00,27538.03,19790.4,75.1,158.49,245.73,1178.72,1942.73,777.49,324.54,540.45,11.7,3291.96,943.45,2364.7,1198.2,HERO MOTOCORP LTD,39.94,6500.06,100.0,4014.35,10654.35,10654.35,2952.28,719.2,3118.5,3864.37,10654.35,10654.35,1371.82,861.39,215.78,199687500.0,,2.0,2185.51,31.38,-2131.13,85.76,2639.8
2016-03-31 00:00:00,28457.12,19357.96,49.86,122.2,210.21,1339.46,2083.71,969.64,421.06,443.25,14.61,4387.0,1274.71,3141.98,1437.84,HERO MOTOCORP LTD,39.94,8794.17,232.21,3829.49,12895.81,12895.81,3783.71,653.37,4501.08,3957.65,12895.81,12895.81,1282.07,761.99,179.09,199690088.0,,2.0,3722.37,-2300.18,-1474.73,-52.54,2945.7
2017-03-31 00:00:00,28610.43,19019.34,-96.74,112.84,205.67,1432.49,2097.44,1060.86,829.88,502.25,27.28,4885.4,1339.1,3584.27,1697.45,HERO MOTOCORP LTD,39.94,10275.57,260.61,4735.88,15312.0,15312.0,4598.85,580.96,6066.37,4065.82,15312.0,15312.0,1551.75,708.58,195.39,199696838.0,,2.0,4007.18,-1971.95,-2035.86,-0.63,3221.95
2018-03-31 00:00:00,32458.37,21995.94,110.12,139.84,241.07,1583.71,2180.62,1092.98,563.55,574.98,30.8,5292.1,1569.93,3720.4,1897.15,HERO MOTOCORP LTD,39.94,11931.52,227.89,5197.38,17396.73,17396.73,4960.96,355.48,7669.24,4411.05,17396.73,17396.73,1426.97,962.68,237.57,199696838.0,,2.0,4017.21,-1858.21,-2102.45,56.55,3542.8
2019-03-31 00:00:00,33970.82,23503.46,59.04,158.12,251.2,1778.03,2183.54,1130.61,741.02,624.44,37.18,5104.3,1637.95,3444.09,1737.82,HERO MOTOCORP LTD,39.95,13080.46,311.5,5072.45,18504.36,18504.36,4952.36,572.82,6113.83,6865.35,18504.36,18504.36,2745.11,1249.53,303.9,199726884.0,,2.0,1032.28,1297.63,-2252.4,77.51,2553.15
2020-03-31 00:00:00,29253.97,20004.29,173.34,132.96,231.91,1889.32,1787.87,1311.38,1433.9,845.76,46.64,4611.08,951.67,3638.11,1797.75,HERO MOTOCORP LTD,39.95,14366.33,453.25,4814.54,19674.07,19674.07,6472.93,391.33,8358.64,4451.17,19674.07,19674.07,1511.91,1282.32,435.41,199739368.0,,2.0,5518.13,-2819.14,-2601.8,97.19,1596.45
2021-03-31 00:00:00,30959.19,21999.18,255.57,113.89,217.64,1951.02,1699.6,1175.81,553.23,715.12,46.41,3849.32,913.27,2917.75,2097.9,HERO MOTOCORP LTD,39.96,15376.46,584.02,7095.65,23096.09,23096.09,6380.39,495.13,10581.62,5638.95,23096.09,23096.09,2274.68,1789.27,396.24,199780217.0,,2.0,4110.45,-2289.32,-1851.82,-30.69,2913.6
2012-03-31 00:00:00,28193.4,,,,625.76,3573.6,1765.17,4893.42,5992.32,554.16,15106.12,7667.49,2394.09,5247.02,1009.08,HDFC BANK LTD,469.34,29741.11,272873.73,37970.83,341055.01,341055.01,2377.91,,96795.11,241881.99,341055.01,341055.01,,,21175.16,2346688270.0,,2.0,-19381.24,-661.85,11379.97,-8663.12,259.93
2013-03-31 00:00:00,35861.02,,,,775.3,4202.56,2115.7,5537.7,7132.96,663.26,19695.45,10004.01,3103.73,6869.64,1308.67,HDFC BANK LTD,475.88,36166.84,335588.38,35491.89,407722.99,407722.99,2773.32,,110960.41,293989.26,407722.99,407722.99,,,27531.16,2379419030.0,,2.0,-5847.33,-901.92,13105.25,6356.0,312.68
2014-03-31 00:00:00,42555.02,,,,798.74,4495.35,2219.66,5993.98,8297.5,688.68,23445.45,13210.66,4446.15,8743.49,1643.35,HDFC BANK LTD,479.81,43686.82,416677.05,42776.29,503619.97,503619.97,3026.28,,119571.06,381022.63,503619.97,503619.97,,,39913.43,2399050435.0,,2.0,4210.63,-1098.52,9270.15,12382.26,374.4
2015-03-31 00:00:00,50666.49,,,,860.21,5163.77,2602.47,7537.36,9545.68,680.45,27288.46,16079.45,5379.4,10688.89,2005.2,HDFC BANK LTD,501.3,62652.77,509761.9,34180.55,607096.52,607096.52,3224.94,,149454.42,454417.16,607096.52,607096.52,,,36526.42,2506495317.0,,2.0,-21280.98,-799.9,18693.87,-3387.01,511.35
2016-03-31 00:00:00,63161.56,,,,1041.79,6309.03,3043.15,9660.65,11211.65,738.03,34069.57,19510.99,6693.66,12801.33,2401.79,HDFC BANK LTD,505.64,73798.49,649587.25,38320.95,762212.33,762212.33,3666.86,,193633.85,564911.62,762212.33,762212.33,,,39068.88,2528186517.0,,2.0,-34435.37,-837.31,37815.13,2542.46,535.58
2017-03-31 00:00:00,73271.35,,,,1271.8,8508.22,3328.39,10747.28,12905.08,886.19,38041.58,23392.97,8078.12,15280.48,2818.8,HDFC BANK LTD,512.51,91281.44,741549.89,59000.32,892344.16,892344.16,3999.7,,210777.11,677567.35,892344.16,892344.16,,,49311.12,2562545717.0,,2.0,17281.59,-1146.38,-5892.97,10242.24,721.28
2018-03-31 00:00:00,85287.84,,,,1314.97,9197.15,3658.43,15361.71,16056.6,966.78,42381.48,28463.92,9903.08,18510.02,3373.63,HDFC BANK LTD,519.02,109080.11,944817.22,48769.82,1103186.17,1103186.17,4008.13,,238460.92,860717.12,1103186.17,1103186.17,,,123061.56,2595090267.0,,2.0,17214.38,-841.6,57377.66,73750.44,943.05
2019-03-31 00:00:00,105160.74,,,,1283.53,10454.75,3900.17,19217.82,18947.05,1220.67,53712.69,34318.16,11872.55,22332.43,4084.95,HDFC BANK LTD,544.66,153128.0,1080235.46,58897.59,1292805.71,1292805.71,4368.63,,289445.87,998991.21,1292805.71,1292805.71,,,81817.64,2723306610.0,,2.0,-62871.54,-1503.06,23130.69,-41243.91,1159.45
2020-03-31 00:00:00,122189.29,,,,1293.44,12924.1,4192.15,27049.52,24878.97,1276.77,62137.42,38194.86,10898.59,27253.95,1370.82,HDFC BANK LTD,548.33,175810.38,1333041.45,71430.27,1580830.43,1580830.43,4775.65,,389304.95,1186749.83,1580830.43,1580830.43,,,87940.11,5483286460.0,,1.0,-16869.09,-1402.94,24394.5,6122.47,861.9
2021-03-31 00:00:00,128552.39,,,,1649.11,13682.35,4780.54,32344.54,27332.88,1385.01,59247.58,42796.14,10939.38,31833.21,3583.32,HDFC BANK LTD,551.28,209258.91,1511417.63,78278.83,1799506.65,1799506.65,5248.35,,438823.11,1355435.19,1799506.65,1799506.65,,,121272.53,5512776482.0,,1.0,42476.46,-1822.69,-7321.35,33332.41,1493.65
2012-03-31 00:00:00,212139.56,196197.01,1269.66,845.93,1096.13,2428.06,5117.11,2763.83,1308.17,2410.83,2259.06,1599.43,748.15,780.83,426.62,BHARAT PETROLEUM CORPORATION LTD,361.54,15518.37,30153.06,31780.62,77813.59,77813.59,24988.16,4534.23,7890.62,40400.58,77813.59,77813.59,5201.04,21097.09,1326.33,361542124.0,,10.0,1906.69,-2275.85,-4378.71,-4747.87,116.71
2013-03-31 00:00:00,242180.98,222532.48,1056.65,1028.11,1392.29,2894.52,5438.55,3242.54,1492.11,2462.7,2518.29,3220.26,1284.11,1880.83,795.39,BHARAT PETROLEUM CORPORATION LTD,723.08,16052.46,33156.86,29695.97,79628.37,79628.37,24721.36,7463.25,7469.81,39973.95,79628.37,79628.37,4355.06,20035.27,2849.83,723084200.0,84542100.0,10.0,5926.33,-3603.96,-845.98,1476.39,125.9
2014-03-31 00:00:00,264421.06,241127.72,1977.74,1343.52,1501.97,3115.26,6456.73,3439.18,1344.32,2610.92,1982.14,6165.68,2112.7,3910.68,1229.24,BHARAT PETROLEUM CORPORATION LTD,723.08,18703.19,33152.27,35881.63,88460.17,88460.17,27579.95,9371.72,6985.31,44523.19,88460.17,88460.17,4543.69,23169.47,2311.34,723084200.0,,10.0,9588.08,-6880.64,-3736.05,-1028.61,153.35
2015-03-31 00:00:00,242598.5,212339.34,-4351.45,1940.21,2061.29,2349.85,7191.01,2584.89,2117.16,3026.68,1180.47,7690.47,2608.46,4806.57,1626.93,BHARAT PETROLEUM CORPORATION LTD,723.08,21825.42,25492.21,38281.38,86322.09,86322.09,29109.4,15787.34,7711.81,33713.54,86322.09,86322.09,2901.85,17400.02,3446.26,723084248.0,,10.0,20741.65,-10535.63,-9792.0,414.02,270.27
2016-03-31 00:00:00,187814.6,157769.77,-1304.82,1781.07,6685.45,2962.06,2297.12,2043.23,1912.87,2071.87,680.49,12131.59,4042.72,8088.87,2032.42,BHARAT PETROLEUM CORPORATION LTD,655.62,27137.65,23387.73,35240.73,86421.73,86421.73,25358.5,17458.93,9401.05,34203.25,86421.73,86421.73,2216.89,14643.7,4202.37,723084248.0,,10.0,11119.04,-9232.69,-1331.57,554.78,301.44
2017-03-31 00:00:00,201250.66,177243.33,5832.38,1483.97,6987.82,3669.52,2077.76,1837.84,2720.81,2107.64,696.36,13699.61,4192.64,8720.94,4261.56,BHARAT PETROLEUM CORPORATION LTD,1311.25,30032.69,35725.44,42016.88,109086.26,109086.26,33683.86,16833.87,21327.13,37241.4,109086.26,109086.26,4803.75,21196.78,1884.54,1446168496.0,723084248.0,10.0,9041.11,-15273.94,4803.96,-1428.87,433.23
2018-03-31 00:00:00,235895.11,201908.35,-203.35,1935.49,7760.76,3748.53,2820.18,2201.0,2926.81,2885.0,1185.74,14173.52,4381.61,9008.63,4130.45,BHARAT PETROLEUM CORPORATION LTD,1966.88,35108.43,37659.36,45621.39,120356.06,120356.06,45539.3,9874.74,23724.57,41217.45,120356.06,120356.06,5209.28,22530.94,1353.86,2169252744.0,723084248.0,10.0,11068.37,-7065.51,-4217.73,-214.87,427.45
2019-03-31 00:00:00,298225.59,262748.71,1606.26,2396.38,8890.18,3984.03,3175.96,3524.36,2974.86,3417.77,1763.95,12905.37,4377.52,7802.3,3737.07,BHARAT PETROLEUM CORPORATION LTD,1966.88,37254.58,44839.1,52865.55,136926.11,136926.11,49314.84,13654.49,24906.91,49049.87,136926.11,136926.11,6906.25,22934.87,662.52,2169252744.0,,10.0,10157.15,-10451.17,207.04,-86.98,397.55
2020-03-31 00:00:00,284571.9,253665.2,1073.07,2966.87,9073.29,4020.51,2318.4,4625.49,1393.46,4080.09,2637.01,3651.57,-14.21,3055.36,3245.35,BHARAT PETROLEUM CORPORATION LTD,1966.88,35022.19,65475.54,48395.37,150859.98,150859.98,60174.57,17756.74,27028.51,45900.16,150859.98,150859.98,5378.02,22242.6,1164.84,2169252744.0,,10.0,7881.01,-11135.11,3583.21,329.11,316.9
2021-03-31 00:00:00,230162.63,191142.32,3743.56,2502.3,8586.17,4856.35,2128.43,3697.75,7496.77,4334.21,1723.41,22432.02,5112.19,16164.98,16533.99,BHARAT PETROLEUM CORPORATION LTD,2092.91,51634.46,54531.86,52729.27,160988.5,160988.5,64098.31,17140.07,26767.73,52982.39,160988.5,160988.5,7834.77,26706.02,8110.11,2169252744.0,,10.0,23553.81,-2572.71,-13980.9,7000.2,427.95
2013-06-30 00:00:00,5418.03,406.56,15.97,1479.35,506.02,339.16,1257.65,-115.63,187.27,435.63,193.14,1119.39,115.45,1003.94,69.68,SHREE CEMENT LTD,34.84,3808.78,1288.24,1028.24,6160.1,6160.1,1781.94,133.33,2203.23,2041.6,6160.1,6160.1,314.66,530.48,379.39,34837225.0,,10.0,1259.69,-269.64,-981.7,8.35,4667.2
2014-06-30 00:00:00,5714.53,436.84,16.37,1378.7,629.86,396.8,1600.09,-101.16,104.45,549.91,129.19,815.12,27.91,787.21,76.65,SHREE CEMENT LTD,34.84,4675.97,1199.87,1418.01,7328.69,7328.69,2193.77,758.5,2244.33,2132.09,7328.69,7328.69,296.59,809.78,159.29,34837200.0,,10.0,1400.68,-1233.94,-155.76,10.98,7204.05
2015-06-30 00:00:00,6259.39,552.76,79.1,1579.82,637.98,456.87,1861.34,-94.1,102.39,924.78,120.63,400.8,-25.5,426.3,83.62,SHREE CEMENT LTD,34.84,5241.47,916.64,1804.84,7997.79,7997.79,3004.33,511.1,1662.49,2819.87,7997.79,7997.79,476.39,918.86,307.54,34837225.0,,10.0,1238.51,-990.07,-258.55,-10.11,11341.05
2016-03-31 00:00:00,5513.64,449.3,-3.28,1122.95,538.64,371.89,1524.75,95.95,672.68,827.57,75.77,1176.22,33.12,1143.1,83.62,SHREE CEMENT LTD,34.84,6810.58,880.51,1737.26,9463.19,9463.19,3050.17,264.5,3030.35,3118.17,9463.19,9463.19,328.62,815.19,83.05,34837225.0,,10.0,1566.12,-1264.56,-270.76,30.8,12420.5
2017-03-31 00:00:00,8594.3,680.66,53.48,1444.27,821.25,540.63,2420.29,227.54,361.77,1214.71,129.42,1530.78,191.7,1339.08,487.76,SHREE CEMENT LTD,34.84,7663.16,1292.53,2175.45,11165.98,11165.98,2599.12,710.44,4042.35,3814.07,11165.98,11165.98,335.12,1314.5,111.1,34837225.0,,10.0,2201.61,-2047.77,-166.91,-13.07,17083.2
2018-03-31 00:00:00,9833.1,769.06,-1.29,1979.65,789.68,591.77,3040.92,187.98,389.05,899.4,135.27,1827.13,442.98,1384.15,174.2,SHREE CEMENT LTD,34.84,8861.82,3402.98,2842.03,15141.67,15141.67,3589.18,1427.15,5434.08,4691.26,15141.67,15141.67,459.25,1569.02,120.97,34837225.0,,10.0,1878.72,-3594.73,1726.22,10.21,16196.45
2019-03-31 00:00:00,12554.65,1055.38,39.94,3092.63,963.64,771.86,3530.3,384.1,68.63,1471.81,247.86,1145.64,130.59,1006.3,209.04,SHREE CEMENT LTD,34.84,9635.91,2802.67,3019.38,15492.8,15492.8,6181.65,1129.45,2285.63,5896.07,15492.8,15492.8,1023.71,1870.31,439.29,34837225.0,,10.0,2080.02,-719.83,-1275.99,84.2,18667.65
2020-03-31 00:00:00,12868.39,953.32,-37.17,2702.65,1001.63,858.51,3293.32,251.19,262.9,1807.81,291.43,1934.26,390.2,1535.85,396.88,SHREE CEMENT LTD,36.08,13133.35,3145.67,3628.88,19943.98,19943.98,6163.02,1196.72,6357.6,6226.64,19943.98,19943.98,1080.45,1713.49,614.21,36080748.0,,10.0,3973.18,-5590.27,1581.06,-36.03,17546.35
2021-03-31 00:00:00,13476.33,1020.03,-49.6,2348.8,1024.86,873.88,3833.77,262.01,454.33,1262.34,251.29,3004.08,714.49,2285.87,216.48,SHREE CEMENT LTD,36.08,15361.33,2133.85,3981.91,21513.17,21513.17,6216.25,996.54,8500.5,5799.88,21513.17,21513.17,685.9,1715.72,708.35,36080748.0,,10.0,4253.79,-2650.85,-1232.64,370.3,29465.4
2012-03-31 00:00:00,2690.92,866.52,3.4,56.97,79.89,535.17,571.81,81.75,-22.41,81.73,39.45,358.62,72.32,284.04,71.93,TORRENT PHARMACEUTICALS LTD,42.31,1151.52,578.73,1275.34,3047.9,3047.9,796.87,118.77,124.04,2008.22,3047.9,3047.9,522.8,531.56,674.28,84625360.0,,5.0,485.72,-136.97,-192.74,156.01,314.33
2013-03-31 00:00:00,3202.78,1139.62,213.85,62.8,106.85,628.96,699.73,81.46,0.88,82.69,33.8,581.6,146.69,432.76,194.63,TORRENT PHARMACEUTICALS LTD,42.31,1379.62,692.97,1637.86,3752.76,3752.76,819.82,285.28,60.47,2587.19,3752.76,3752.76,687.82,923.86,626.97,84625360.0,,5.0,153.48,-246.6,19.73,-73.39,347.63
2014-03-31 00:00:00,4171.59,1291.92,53.53,71.88,129.46,750.64,828.43,197.53,34.35,87.0,58.63,843.98,180.07,663.88,169.24,TORRENT PHARMACEUTICALS LTD,84.62,1817.81,1131.76,1988.14,5022.33,5022.33,875.34,534.11,185.66,3427.22,5022.33,5022.33,1099.42,1006.06,769.42,169236700.0,84611400.0,5.0,599.42,-418.18,86.4,267.64,523.65
2015-03-31 00:00:00,4635.81,1475.71,60.87,97.41,136.33,848.35,997.77,120.95,285.55,190.74,175.16,939.81,188.84,750.94,190.4,TORRENT PHARMACEUTICALS LTD,84.62,2405.94,2740.35,2588.75,7819.66,7819.66,2832.66,678.33,297.65,4011.02,7819.66,7819.66,1587.26,1067.17,567.36,169236720.0,,5.0,810.2,-2112.55,1212.25,-90.1,1160.85
2016-03-31 00:00:00,6686.93,1725.04,147.77,92.59,132.06,857.96,832.31,461.71,31.94,237.55,183.98,2343.44,610.17,1733.24,592.34,TORRENT PHARMACEUTICALS LTD,84.62,3409.48,2351.68,3040.35,8886.13,8886.13,2859.08,1041.58,779.68,4205.79,8886.13,8886.13,1445.09,1357.98,647.03,169236720.0,,5.0,2742.12,-869.49,-1435.15,437.48,1339.7
2017-03-31 00:00:00,5815.69,1931.39,139.73,107.98,138.31,1002.52,955.03,442.92,223.3,306.92,205.56,1088.09,154.51,933.55,236.94,TORRENT PHARMACEUTICALS LTD,84.62,4265.51,2510.13,2740.42,9600.68,9600.68,3688.44,519.49,803.64,4589.11,9600.68,9600.68,950.89,1559.15,893.72,169236720.0,,5.0,1008.84,-798.22,-192.91,17.71,1552.6
2018-03-31 00:00:00,5949.83,2035.67,362.2,118.77,151.02,1141.82,1078.08,437.42,298.84,408.6,308.48,931.01,252.87,678.11,236.94,TORRENT PHARMACEUTICALS LTD,84.62,4537.57,6462.32,3158.67,14243.18,14243.18,7854.68,646.94,492.36,5249.2,14243.18,14243.18,1253.45,1966.3,867.23,169236720.0,,5.0,894.15,-4677.07,3417.39,-365.53,1249.75
2019-03-31 00:00:00,7672.8,2136.25,-83.44,132.46,160.3,1409.41,1293.87,474.01,-299.96,617.69,503.75,561.66,125.35,436.28,287.71,TORRENT PHARMACEUTICALS LTD,84.62,4639.73,6038.1,3350.97,14113.42,14113.42,7747.71,617.12,353.44,5395.15,14113.42,14113.42,1435.71,1935.15,816.04,169222720.0,,5.0,1798.08,-245.61,-1314.45,238.02,1949.75
2020-03-31 00:00:00,7939.31,2300.05,133.13,128.19,136.22,1435.12,1311.07,591.43,121.3,654.38,450.71,1186.57,161.85,1024.72,541.57,TORRENT PHARMACEUTICALS LTD,84.62,4738.6,5784.35,3402.17,14009.74,14009.74,7533.12,711.93,2.11,5762.58,14009.74,14009.74,1649.34,2148.22,666.65,169222720.0,,5.0,1392.91,229.19,-1549.04,73.06,1971.8
2021-03-31 00:00:00,8004.83,2425.66,279.24,122.94,163.68,1445.76,1129.88,510.47,56.65,657.79,358.28,1526.26,274.38,1251.88,592.34,TORRENT PHARMACEUTICALS LTD,84.62,5752.55,4825.46,3412.02,14074.65,14074.65,7064.63,889.38,181.14,5939.5,14074.65,14074.65,1523.37,2681.2,603.5,169222720.0,,5.0,2010.69,-443.82,-1656.13,-89.26,2545.05
2012-03-31 00:00:00,4004.38,2312.77,0.71,314.18,101.9,221.33,155.17,64.93,27.77,183.68,117.17,561.73,182.91,378.82,81.82,SRF LTD,58.44,1793.09,1228.42,888.08,3968.03,3968.03,2077.97,417.48,140.51,1332.07,3968.03,3968.03,483.73,487.66,140.08,58435600.0,,10.0,664.79,-563.39,-53.3,48.1,247.7
2013-03-31 00:00:00,3782.95,2179.91,23.63,388.59,130.14,266.62,162.03,65.04,42.0,208.88,99.8,347.57,94.62,252.95,58.44,SRF LTD,58.44,1910.49,1704.0,901.61,4574.54,4574.54,2339.83,565.38,151.23,1518.1,4574.54,4574.54,508.69,563.23,190.97,57420500.0,,10.0,422.7,-672.08,299.79,50.41,169.3
2014-03-31 00:00:00,4018.06,2436.9,39.66,418.85,139.8,311.18,164.76,80.94,23.55,224.75,96.12,207.97,45.51,162.46,58.44,SRF LTD,58.44,2008.22,2175.33,1226.75,5468.74,5468.74,3550.76,112.12,36.6,1769.26,5468.74,5468.74,691.49,746.4,82.46,58435600.0,,10.0,346.72,-656.99,204.51,-105.75,359.6
2015-03-31 00:00:00,4539.85,2574.71,32.75,434.15,192.7,356.32,209.85,87.41,64.58,245.03,137.58,399.43,96.62,302.81,58.44,SRF LTD,58.44,2237.9,2434.89,1151.9,5883.13,5883.13,3922.33,104.12,94.27,1762.41,5883.13,5883.13,610.66,763.5,107.3,58435600.0,,10.0,542.35,-499.79,-18.1,24.46,992.0
2016-03-31 00:00:00,4592.72,2309.61,-20.96,398.07,197.52,386.62,220.2,96.98,27.6,274.96,130.46,584.94,155.05,429.89,58.44,SRF LTD,58.44,2704.54,2515.25,1145.71,6423.94,6423.94,4112.52,117.44,164.93,2029.05,6423.94,6423.94,514.48,671.05,389.23,58440500.0,,10.0,1090.05,-666.74,-182.49,240.82,1308.45
2017-03-31 00:00:00,4821.8,2440.24,21.43,417.8,210.06,433.99,272.75,99.0,73.01,283.44,101.77,657.19,142.2,514.99,70.13,SRF LTD,58.44,3124.22,2396.21,1389.46,6968.33,6968.33,4404.91,258.58,195.88,2108.96,6968.33,6968.33,656.89,838.14,96.12,58440500.0,,10.0,645.44,-613.25,-284.44,-252.25,1627.15
2018-03-31 00:00:00,5589.04,3063.1,31.1,500.79,266.84,474.23,335.3,73.64,115.12,315.8,123.89,581.67,119.96,461.71,70.13,SRF LTD,58.44,3506.09,3141.84,1656.64,8363.01,8363.01,5121.59,558.81,121.82,2560.79,8363.01,8363.01,680.65,958.18,96.74,58440500.0,,10.0,677.98,-1173.74,495.14,-0.62,1955.15
2019-03-31 00:00:00,7099.59,4041.16,74.03,585.09,275.41,461.0,374.09,139.87,78.02,358.17,198.37,818.48,176.85,641.63,70.2,SRF LTD,58.5,4070.19,3730.19,2029.02,9887.9,9887.9,5609.39,753.61,100.6,3424.3,9887.9,9887.9,1028.75,1224.74,198.88,58500500.0,,10.0,895.64,-1038.87,245.77,102.54,2403.0
2020-03-31 00:00:00,7209.41,3778.79,91.82,672.55,315.13,542.18,389.98,147.66,152.24,388.61,200.68,1017.89,-1.2,1019.09,81.9,SRF LTD,58.5,4873.26,4134.51,1796.23,10862.5,10862.5,6367.59,1393.29,202.66,2898.96,10862.5,10862.5,891.07,1201.23,125.47,58500500.0,,10.0,1304.44,-1178.56,-198.99,-73.11,2783.3
2021-03-31 00:00:00,8400.04,4090.6,71.66,717.34,324.12,621.69,438.07,146.86,66.35,453.08,133.95,1612.34,414.4,1197.94,144.62,SRF LTD,60.26,6793.64,3468.59,2588.78,12911.27,12911.27,7826.96,772.26,416.68,3895.37,12911.27,12911.27,1274.56,1465.82,282.0,60265205.0,,10.0,1771.68,-1498.72,-251.11,21.85,5410.8
2012-03-31 00:00:00,7671.32,4058.0,,263.53,326.44,682.96,805.27,184.58,85.18,292.38,414.64,728.7,128.01,555.55,115.45,UPL LTD,92.36,4080.75,3389.11,2712.73,10274.95,10274.95,3222.94,305.65,794.52,5951.84,10274.95,10274.95,2445.34,1877.86,700.18,461804274.0,,2.0,161.96,-679.56,-178.2,-695.8,86.73
2013-03-31 00:00:00,9185.7,4687.36,,349.84,441.16,852.62,915.86,284.45,72.15,353.72,428.96,943.88,203.17,774.6,110.65,UPL LTD,88.52,4556.7,4203.32,3487.49,12336.03,12336.03,3489.21,377.62,1025.15,7444.05,12336.03,12336.03,2684.99,2068.7,1548.23,442604274.0,,2.0,1699.23,-764.91,-71.99,862.33,78.27
2014-03-31 00:00:00,10770.88,5440.8,,433.67,455.53,948.18,1298.61,175.82,30.5,406.94,485.29,1156.54,221.69,949.79,171.44,UPL LTD,85.72,5161.7,3349.49,4162.14,12759.05,12759.05,3820.93,227.77,737.28,7973.07,12759.05,12759.05,3208.46,2480.07,1022.78,428604274.0,,2.0,1440.8,-427.46,-1680.0,-666.66,122.97
2015-03-31 00:00:00,12090.52,6016.41,,435.59,698.4,1042.8,1469.38,65.31,-10.7,424.52,517.04,1410.37,244.01,1144.03,214.3,UPL LTD,85.72,5774.61,3280.59,5143.0,14283.92,14283.92,4030.8,583.1,763.63,8906.39,14283.92,14283.92,3793.04,2937.6,1009.81,428604274.0,,2.0,1409.02,-462.6,-991.32,-44.9,294.77
2016-03-31 00:00:00,14048.0,6964.0,184.0,359.0,1323.0,1434.0,1228.0,576.0,149.0,676.0,704.0,1117.0,165.0,940.0,215.0,UPL LTD,86.0,2006.0,5258.0,9519.0,16869.0,16869.0,3862.0,484.0,335.0,12188.0,16869.0,16869.0,5100.0,3787.0,1189.0,428604274.0,,2.0,1396.0,-1734.0,469.0,131.0,318.47
2017-03-31 00:00:00,16312.0,8178.0,362.0,339.0,1556.0,1627.0,1426.0,582.0,363.0,672.0,735.0,1922.0,189.0,1727.0,353.5,UPL LTD,101.0,7214.0,6361.0,6536.0,20212.0,20212.0,4071.0,792.0,378.0,14971.0,20212.0,20212.0,5656.0,4156.0,2895.0,507017118.0,,2.0,2585.0,-1022.0,140.0,1703.0,484.6
2018-03-31 00:00:00,17378.0,8112.0,,291.0,1824.0,1713.0,1558.0,468.0,351.0,675.0,783.0,2305.0,275.0,2022.0,408.0,UPL LTD,102.0,9067.0,6638.0,7148.0,22955.0,22955.0,4437.0,1319.0,1034.0,16165.0,22955.0,22955.0,6056.0,4538.0,2894.0,509333081.0,,2.0,2839.0,-2059.0,-801.0,-21.0,486.83
2019-03-31 00:00:00,21837.0,10904.0,,402.0,2108.0,2095.0,1802.0,713.0,-197.0,880.0,963.0,1773.0,198.0,1491.0,408.0,UPL LTD,102.0,14613.0,29139.0,18581.0,62435.0,62435.0,32149.0,1855.0,708.0,27723.0,62435.0,62435.0,11679.0,9133.0,2851.0,509333081.0,,2.0,2356.0,-31282.0,28893.0,-33.0,639.23
2020-03-31 00:00:00,35756.0,18743.0,,464.0,2717.0,3391.0,2593.0,1076.0,-515.0,2012.0,1481.0,2764.0,586.0,1776.0,459.0,UPL LTD,153.0,19129.0,29388.0,19758.0,68428.0,68428.0,35321.0,2073.0,558.0,30476.0,68428.0,68428.0,11867.0,7850.0,6752.0,764045456.0,,2.0,8739.0,-2666.0,-2175.0,3898.0,326.5
2021-03-31 00:00:00,38694.0,19096.0,,581.0,3486.0,3712.0,2433.0,1034.0,62.0,2173.0,2060.0,4181.0,686.0,2871.0,765.0,UPL LTD,153.0,20734.0,24413.0,23465.0,68765.0,68765.0,34765.0,2117.0,618.0,31265.0,68765.0,68765.0,12591.0,9422.0,4853.0,764045456.0,,2.0,7212.0,-2426.0,-6713.0,-1927.0,641.85
2016-03-31 00:00:00,1490.13,,,4.86,29.45,144.74,571.27,24.72,4.22,11.06,,708.25,230.37,477.88,201.28,HDFC ASSET MANAGEMENT COMPANY LTD,25.16,1126.06,,271.5,1422.72,1422.72,31.16,1.1,985.79,404.67,1422.72,1422.72,38.57,,0.98,25164200.0,,10.0,742.02,-297.07,-446.55,-1.6,
2017-03-31 00:00:00,1568.2,,,4.76,33.26,159.0,555.42,23.7,19.71,11.96,,799.81,249.56,550.25,231.56,HDFC ASSET MANAGEMENT COMPANY LTD,25.17,1397.77,,176.66,1599.6,1599.6,31.18,2.42,1236.66,329.34,1599.6,1599.6,85.09,,1.27,25166900.0,,10.0,454.86,-176.03,-278.53,0.29,
2018-03-31 00:00:00,1869.74,,,5.37,346.58,187.93,234.77,27.53,0.03,9.36,,1058.23,346.94,711.29,336.9,HDFC ASSET MANAGEMENT COMPANY LTD,105.28,2148.63,,218.23,2472.14,2472.14,30.93,5.96,2057.74,377.51,2472.14,2472.14,90.27,,2.06,210555200.0,,5.0,618.17,-632.79,15.41,0.79,
2019-03-31 00:00:00,2074.8,,,5.72,263.09,207.92,159.57,72.93,21.98,12.85,,1374.7,444.1,930.6,510.19,HDFC ASSET MANAGEMENT COMPANY LTD,106.29,2964.3,,153.16,3223.75,3223.75,39.7,3.17,2934.96,245.92,3223.75,3223.75,82.66,,31.99,212573210.0,,5.0,894.14,-776.55,-118.64,-1.05,1533.9
2020-03-31 00:00:00,2124.47,,,5.49,38.03,218.34,125.16,44.01,18.96,50.37,8.98,1653.05,390.64,1262.41,595.84,HDFC ASSET MANAGEMENT COMPANY LTD,106.4,3922.86,,279.34,4308.6,4308.6,156.71,4.6,3944.51,202.78,4308.6,4308.6,60.59,,27.1,212803325.0,,5.0,1284.84,-927.54,-331.56,25.74,2112.8
2021-03-31 00:00:00,2194.02,,,4.05,26.55,230.31,90.22,37.3,7.72,55.41,8.95,1748.95,423.19,1325.76,724.06,HDFC ASSET MANAGEMENT COMPANY LTD,106.48,4669.7,,318.52,5094.7,5094.7,153.22,1.18,4753.25,187.05,5094.7,5094.7,79.91,,2.35,212954202.0,,5.0,1085.32,-482.71,-627.57,-24.96,2919.0
2012-03-31 00:00:00,64254.68,26356.98,598.76,779.76,15182.47,6931.08,3686.77,1239.98,885.74,1580.29,3008.34,6973.51,2282.55,4702.36,1010.46,LARSEN & TOUBRO LTD,122.48,29264.3,51567.75,38227.73,119182.26,119182.26,19403.24,14913.23,8789.49,76076.3,119182.26,119182.26,20651.1,4228.16,3378.58,612398899.0,,2.0,-6226.77,-5864.18,11967.65,-123.3,581.78
2013-03-31 00:00:00,74425.83,28248.57,1960.89,990.53,20610.85,8268.16,4839.43,2035.34,2523.43,1637.07,4642.28,7637.92,2385.54,5218.63,1138.49,LARSEN & TOUBRO LTD,123.08,33736.61,63144.16,45924.18,142928.03,142928.03,30389.22,11350.52,8767.5,92420.79,142928.03,142928.03,23011.32,5169.46,3566.14,615385981.0,,2.0,-4354.76,-6922.35,11429.36,152.25,607.2
2014-03-31 00:00:00,85054.0,29748.92,549.16,1157.69,24282.1,10501.29,4290.07,1537.06,1337.03,1445.82,6494.26,7482.98,2607.58,4922.81,1320.83,LARSEN & TOUBRO LTD,185.38,37526.23,80845.52,50324.36,168881.49,168881.49,32397.46,14178.52,8108.95,114196.56,168881.49,168881.49,26384.55,5527.47,4096.57,926912700.0,308294600.0,2.0,-7142.77,-5509.87,13135.63,482.99,847.93
2015-03-31 00:00:00,91928.8,31969.24,712.68,1074.48,25223.66,11933.74,4772.61,1984.22,1422.44,2622.95,7265.78,7217.24,2253.24,4764.82,1510.52,LARSEN & TOUBRO LTD,185.91,40723.16,93629.55,58727.45,193266.07,193266.07,34738.06,14992.78,9612.12,133923.11,193266.07,193266.07,30089.37,6508.4,5756.21,929562061.0,,2.0,-1365.38,-4778.15,7902.86,1759.33,1146.43
2016-03-31 00:00:00,101122.48,35320.19,514.86,1243.45,28604.47,13333.69,5154.66,2494.92,1219.07,1786.73,6898.68,8019.62,2436.96,4280.68,1699.99,LARSEN & TOUBRO LTD,186.3,43994.06,86822.5,63087.81,194090.67,194090.67,14175.7,10974.45,15465.08,153475.44,194090.67,194090.67,26024.98,4854.21,5389.91,931478845.0,,2.0,-3239.59,-4626.56,7252.7,-613.45,811.13
2017-03-31 00:00:00,109311.81,36648.54,-84.0,1423.19,32976.99,13857.57,4273.19,3427.92,1465.54,2369.93,6828.66,8887.36,2006.59,6041.23,1306.13,LARSEN & TOUBRO LTD,186.59,49876.73,92806.93,68700.4,211570.65,211570.65,16677.11,13297.94,19753.02,161842.58,211570.65,211570.65,28688.97,4139.74,5305.96,932965803.0,,2.0,6655.26,-9795.94,2895.93,-244.75,1049.93
2018-03-31 00:00:00,119683.16,40876.24,1315.23,1399.62,35464.04,15277.07,4576.99,3293.09,1464.93,2223.48,7713.63,11639.16,3198.87,7369.86,2242.16,LARSEN & TOUBRO LTD,280.27,54466.47,106618.82,81873.97,243239.53,243239.53,18580.19,13443.43,15311.31,195904.6,243239.53,243239.53,33116.98,4847.8,8032.73,1401369456.0,466764755.0,2.0,-10031.02,3914.5,9370.46,3253.94,1310.9
2019-03-31 00:00:00,135220.29,46889.87,731.11,2205.6,38772.73,17475.35,5074.72,2667.31,2700.61,1923.03,9338.73,14304.67,4067.09,8905.13,2524.95,LARSEN & TOUBRO LTD,280.55,61941.05,124578.88,91235.75,278036.23,278036.23,21193.94,13919.49,20907.1,222015.7,278036.23,278036.23,36845.87,6413.93,11726.24,1402729385.0,,2.0,-4755.83,-11022.8,15440.17,-338.46,1385.3
2020-03-31 00:00:00,145452.36,46705.87,-647.7,2079.84,38942.54,23125.64,5255.1,4142.57,3015.47,2462.27,11020.78,14085.52,3263.2,9549.03,2527.02,LARSEN & TOUBRO LTD,280.78,66442.44,141769.64,98194.23,306687.09,306687.09,43653.38,3311.09,20047.48,239675.14,306687.09,306687.09,40731.52,5746.65,15117.78,1403892022.0,,2.0,6693.88,-8407.71,6371.55,4657.72,808.5
2021-03-31 00:00:00,135979.03,41343.21,-343.37,1581.33,34888.43,24770.0,4194.0,5398.45,8111.25,2904.21,11749.58,16917.7,4010.82,11582.93,5056.38,LARSEN & TOUBRO LTD,280.91,75587.62,133505.42,100721.1,310095.05,310095.05,44319.32,500.39,39626.63,225648.71,310095.05,310095.05,42229.78,5820.54,16241.5,1404555297.0,,2.0,22844.14,-5430.7,-15274.38,2139.06,1418.9
2012-03-31 00:00:00,6057.13,,2.68,4042.84,382.53,90.47,121.14,24.66,34.95,503.34,717.24,212.54,41.91,170.05,82.0,JSW ENERGY LTD,1640.05,4060.02,9994.69,3604.04,19298.8,19298.8,10974.39,3670.22,497.1,4157.09,19298.8,19298.8,1063.98,765.84,668.57,1640054795.0,,10.0,2028.68,-1820.17,-553.18,-344.67,61.3
2013-03-31 00:00:00,8870.06,,,5500.7,322.1,126.75,137.56,-17.92,9.16,661.53,962.79,1185.71,273.31,903.65,328.01,JSW ENERGY LTD,1640.05,4563.71,10376.55,3797.79,20378.1,20378.1,13924.87,977.2,954.98,4521.05,20378.1,20378.1,1848.74,441.47,398.98,1640054795.0,,10.0,1724.62,-944.11,-684.41,96.1,54.7
2014-03-31 00:00:00,8648.38,,,5030.32,106.19,133.42,129.94,-6.3,-178.89,809.95,1205.94,1060.03,283.6,754.74,328.01,JSW ENERGY LTD,1640.05,4931.12,10106.45,2566.77,19244.39,19244.39,13634.71,614.58,887.69,4107.41,19244.39,19244.39,1197.63,415.77,567.45,1640054800.0,,10.0,2269.12,-362.51,-1859.05,47.56,59.25
2015-03-31 00:00:00,9347.09,,,4968.75,451.33,146.92,128.35,28.1,195.65,789.76,1137.46,1892.07,514.99,1349.51,328.01,JSW ENERGY LTD,1640.05,5877.97,9294.1,2607.88,19420.0,19420.0,13190.68,453.58,1618.84,4156.9,19420.0,19420.0,1172.29,548.26,351.45,1640054795.0,,10.0,3394.29,-422.2,-2327.22,644.87,119.2
2016-03-31 00:00:00,9824.49,,,4993.91,384.32,183.81,131.71,101.97,340.12,854.25,1498.11,2016.53,556.26,1447.36,325.36,JSW ENERGY LTD,1626.79,8077.34,14862.24,3972.51,28538.88,28538.88,20297.83,320.61,1012.27,6908.17,28538.88,28538.88,2906.34,635.83,357.43,1640054795.0,,10.0,3537.62,-3271.9,-1622.42,-1356.7,69.55
2017-03-31 00:00:00,8263.43,,,4122.73,334.03,211.77,95.17,175.25,220.94,969.15,1684.75,891.52,269.01,629.03,81.4,JSW ENERGY LTD,1627.95,8740.51,14349.27,3671.61,28389.34,28389.34,19490.59,530.74,1578.82,6789.19,28389.34,28389.34,2182.75,592.9,784.3,1627953191.0,,10.0,3852.64,-762.05,-2594.92,495.67,62.7
2018-03-31 00:00:00,8048.96,,,4472.39,257.06,215.09,109.89,281.13,46.73,966.08,1455.91,338.14,253.23,77.97,,JSW ENERGY LTD,1640.05,9469.65,11883.26,3727.97,26720.93,26720.93,18877.39,293.53,2415.0,5135.01,26720.93,26720.93,1151.22,535.54,311.03,1640054795.0,,10.0,3933.81,-214.73,-3967.59,-248.51,72.8
2019-03-31 00:00:00,9137.59,,,5496.18,229.12,243.58,114.16,199.56,398.03,1163.69,1192.4,896.93,212.44,695.13,164.09,JSW ENERGY LTD,1640.87,10181.37,10554.88,3548.96,25926.08,25926.08,17824.54,399.97,2450.53,5251.04,25926.08,25926.08,1427.75,454.73,203.57,1640867512.0,,10.0,2491.34,-54.83,-2523.18,-86.67,72.6
2020-03-31 00:00:00,8272.71,,,4550.13,232.69,242.96,151.77,-431.91,376.48,1738.26,1051.07,1114.22,33.04,1099.92,164.19,JSW ENERGY LTD,1641.9,10003.72,9840.48,3445.21,24931.31,24931.31,16712.75,391.32,1853.55,5973.69,24931.31,24931.31,1565.2,639.58,200.73,1641902316.0,,10.0,2085.54,300.38,-1964.59,421.33,42.7
2021-03-31 00:00:00,6922.2,,,3349.96,196.9,236.63,133.39,92.46,248.32,1166.94,895.65,1098.59,275.91,795.48,328.47,JSW ENERGY LTD,1642.33,12864.67,8343.48,3356.09,26206.57,26206.57,15636.76,472.77,4052.15,6044.89,26206.57,26206.57,964.46,395.08,479.18,1642329255.0,,10.0,3699.86,-1029.8,-2514.75,155.31,87.85
2012-03-31 00:00:00,2697.26,,,202.65,481.97,110.47,71.03,85.48,33.98,315.93,281.46,1182.25,89.57,1102.07,200.34,ADANI PORTS & SPECIAL ECONOMIC ZONE LTD,400.68,4411.79,17564.96,3536.23,25913.66,25913.66,18427.93,3637.71,69.74,3778.28,25913.66,25913.66,302.22,69.1,1118.42,2003394100.0,,2.0,1199.71,-13876.03,12976.29,299.97,129.5
2013-03-31 00:00:00,3576.63,,,226.22,697.07,131.37,87.31,53.15,344.21,421.97,541.84,1761.91,123.08,1623.22,200.34,ADANI PORTS & SPECIAL ECONOMIC ZONE LTD,400.68,5992.78,11617.2,3024.54,21035.2,21035.2,11382.46,2951.21,221.59,6479.94,21035.2,21035.2,720.02,97.95,830.55,2003394100.0,,2.0,1379.1,-5135.73,4137.69,381.06,138.7
2014-03-31 00:00:00,4829.61,,,308.05,1206.82,162.37,123.48,109.6,684.69,649.48,976.76,1977.74,236.74,1739.64,207.0,ADANI PORTS & SPECIAL ECONOMIC ZONE LTD,414.01,8351.28,12976.1,2935.67,24677.06,24677.06,13162.98,2024.83,63.42,9425.83,24677.06,24677.06,923.26,169.44,513.92,2070051600.0,,2.0,1131.9,-2510.03,772.5,-605.63,187.45
2015-03-31 00:00:00,6151.98,,,379.43,1305.72,237.96,175.45,151.11,685.64,911.68,1175.06,2501.21,176.72,2314.33,227.71,ADANI PORTS & SPECIAL ECONOMIC ZONE LTD,414.01,10351.05,17773.37,3543.76,32082.19,32082.19,20526.89,1275.55,260.22,10019.53,32082.19,32082.19,1287.77,259.19,633.78,2070051620.0,,2.0,3057.07,-2485.22,-236.53,335.32,308.2
2016-03-31 00:00:00,7108.65,,,375.3,1504.59,276.8,186.32,188.69,729.75,1062.96,1124.3,3119.44,282.81,2897.16,227.8,ADANI PORTS & SPECIAL ECONOMIC ZONE LTD,414.19,12925.42,22341.53,2703.71,38384.85,38384.85,20883.22,1966.76,545.18,14989.69,38384.85,38384.85,2436.09,211.89,1278.24,2070951761.0,,2.0,2380.52,-4153.16,2170.41,397.77,247.7
2017-03-31 00:00:00,8439.35,111.02,,397.42,1708.71,384.04,251.68,168.25,1036.57,1160.19,1115.74,4178.87,286.63,3911.52,269.22,ADANI PORTS & SPECIAL ECONOMIC ZONE LTD,414.19,16945.91,22214.26,3795.01,43369.37,43369.37,21053.5,4513.97,1161.36,16640.54,43369.37,43369.37,2692.99,657.09,1976.8,2070951761.0,,2.0,4062.57,-2629.15,-1324.71,108.71,339.6
2018-03-31 00:00:00,11322.96,129.87,,419.41,2736.3,448.15,320.68,111.88,844.49,1188.37,1578.66,5234.13,1544.18,3673.62,414.19,ADANI PORTS & SPECIAL ECONOMIC ZONE LTD,414.19,20488.76,22112.47,4217.3,47232.72,47232.72,22670.01,4545.46,1078.92,18938.33,47232.72,47232.72,4309.91,520.29,2967.55,2070951761.0,,2.0,5608.14,-3845.84,-1889.03,-126.73,354.1
2019-03-31 00:00:00,10925.44,140.43,,565.51,2116.21,530.55,385.67,591.43,1289.25,1373.48,1385.19,5126.22,1081.47,3990.22,41.42,ADANI PORTS & SPECIAL ECONOMIC ZONE LTD,414.19,23958.13,27445.72,4493.39,56311.43,56311.43,28121.42,4483.48,782.3,22924.23,56311.43,56311.43,2789.66,806.68,5967.3,2070951761.0,,2.0,6029.4,-4368.03,2313.34,3974.71,378.15
2020-03-31 00:00:00,11873.07,,,767.98,2398.83,547.66,415.23,1796.26,1927.73,1680.28,1950.64,4243.92,459.39,3763.13,650.16,ADANI PORTS & SPECIAL ECONOMIC ZONE LTD,406.35,25050.61,29978.7,6481.04,61916.7,61916.7,32714.51,3216.33,1178.0,24807.86,61916.7,61916.7,3202.14,288.28,7313.86,2031751761.0,,2.0,7401.81,-748.91,-4255.63,2397.27,251.3
2021-03-31 00:00:00,12549.6,,,764.75,2564.75,616.6,473.76,157.02,2681.92,2107.34,2255.29,6292.01,1243.27,4994.3,1015.88,ADANI PORTS & SPECIAL ECONOMIC ZONE LTD,406.35,30055.38,34834.96,9145.36,74442.05,74442.05,48136.92,3697.13,2236.15,20371.85,74442.05,74442.05,2925.71,991.85,4700.78,2031751761.0,,2.0,7555.78,-14064.12,3513.85,-2994.49,702.4
2012-03-31 00:00:00,23436.33,10308.66,-95.15,299.63,2603.89,1207.44,4583.67,837.99,356.97,233.54,1.65,3621.68,821.54,2790.66,1621.12,HINDUSTAN UNILEVER LTD,216.15,3464.93,,7726.17,11407.25,11407.25,2262.86,227.64,2322.16,6594.59,11407.25,11407.25,856.74,2667.37,1996.43,2161512492.0,,1.0,2931.51,-514.34,-1725.58,691.59,410.05
2013-03-31 00:00:00,27003.99,11947.57,26.0,335.94,2716.4,1431.62,5417.15,961.72,1123.48,251.32,25.72,5066.03,1226.66,3828.98,4000.62,HINDUSTAN UNILEVER LTD,216.25,2648.52,24.74,9202.33,12091.84,12091.84,2431.43,222.42,2252.34,7185.65,12091.84,12091.84,996.53,2705.97,1900.71,2162472310.0,,1.0,3604.76,63.07,-4147.41,-479.58,466.95
2014-03-31 00:00:00,29233.74,12644.63,171.3,362.76,2939.55,1572.66,6117.42,1009.01,792.39,295.54,40.68,5215.18,1259.44,3945.57,2811.51,HINDUSTAN UNILEVER LTD,216.27,3321.02,45.58,10171.02,13753.89,13753.89,2746.24,372.6,2838.14,7796.91,13753.89,13753.89,1016.81,2939.83,2516.03,2162696292.0,,1.0,3818.18,-475.04,-2960.29,382.85,605.55
2015-03-31 00:00:00,31972.19,13509.4,-57.04,346.97,3164.64,1723.87,6769.04,988.81,1247.18,322.39,17.7,6319.51,1944.0,4363.08,3245.25,HINDUSTAN UNILEVER LTD,216.35,3811.13,43.04,10359.01,14429.53,14429.53,2821.01,516.3,3025.08,8067.14,14429.53,14429.53,1010.28,2848.79,2689.49,2163464851.0,,1.0,3291.91,137.97,-3462.42,-32.54,873.55
2016-03-31 00:00:00,32186.0,13184.0,-83.0,309.0,2966.0,1680.0,6741.0,1313.0,486.0,353.0,17.0,6026.0,1875.0,4151.0,3456.0,HINDUSTAN UNILEVER LTD,216.0,6357.0,177.0,8043.0,14793.0,14793.0,3258.0,408.0,2592.0,8535.0,14793.0,14793.0,1264.0,2726.0,3009.0,2163936971.0,,1.0,4171.0,-282.0,-3864.0,25.0,869.5
2017-03-31 00:00:00,33162.0,13606.0,-144.0,295.0,2887.0,1743.0,6689.0,1470.0,606.0,432.0,35.0,6467.0,1977.0,4476.0,3672.0,HINDUSTAN UNILEVER LTD,216.0,6528.0,277.0,8685.0,15706.0,15706.0,4419.0,229.0,3794.0,7264.0,15706.0,15706.0,1085.0,2541.0,1828.0,2164349639.0,,1.0,5185.0,-1173.0,-4214.0,-202.0,911.75
2018-03-31 00:00:00,35545.0,14233.0,72.0,295.0,2998.0,1860.0,7252.0,1480.0,353.0,520.0,26.0,7306.0,2079.0,5214.0,4320.0,HINDUSTAN UNILEVER LTD,216.0,7065.0,,10581.0,17862.0,17862.0,4528.0,461.0,2873.0,10000.0,17862.0,17862.0,1310.0,2513.0,3485.0,2164528777.0,,1.0,6059.0,-1063.0,-4975.0,21.0,1333.35
2019-03-31 00:00:00,39310.0,15845.0,-12.0,308.0,3041.0,1875.0,7796.0,1553.0,322.0,565.0,33.0,8604.0,2544.0,6054.0,4752.0,HINDUSTAN UNILEVER LTD,216.0,7651.0,99.0,10663.0,18629.0,18629.0,4715.0,406.0,2716.0,10792.0,18629.0,18629.0,1816.0,2574.0,3757.0,2164704405.0,,1.0,5800.0,-438.0,-5390.0,-28.0,1706.8
2020-03-31 00:00:00,39783.0,15697.0,108.0,299.0,2906.0,1820.0,7620.0,1696.0,432.0,1002.0,118.0,9165.0,2409.0,6748.0,5400.0,HINDUSTAN UNILEVER LTD,216.0,8013.0,,11924.0,20153.0,20153.0,5479.0,597.0,1255.0,12822.0,20153.0,20153.0,1149.0,2767.0,5113.0,2164704405.0,,1.0,7623.0,1791.0,-6819.0,2595.0,2298.5
2021-03-31 00:00:00,47028.0,20141.0,405.0,339.0,2868.0,2358.0,7906.0,2196.0,171.0,1074.0,117.0,10605.0,2606.0,7995.0,9517.5,HINDUSTAN UNILEVER LTD,235.0,47439.0,,21066.0,68740.0,68740.0,51443.0,745.0,2709.0,13843.0,68740.0,68740.0,1758.0,3579.0,4471.0,2349567819.0,,1.0,9163.0,-1228.0,-9309.0,-1374.0,2431.5
2012-03-31 00:00:00,295.31,0.59,-0.06,0.1,0.25,20.36,0.18,-9.95,-8.31,0.47,0.01,274.93,76.46,1679.17,278.22,BAJAJ HOLDINGS & INVESTMENT LTD,111.29,8568.73,,454.75,9134.77,9134.77,383.85,160.33,7705.65,884.94,9134.77,9134.77,0.38,0.06,424.85,111293510.0,,10.0,421.22,78.42,-455.01,44.63,815.15
2013-03-31 00:00:00,337.07,0.73,0.07,0.1,0.93,4.54,2.84,6.18,2.57,2.36,0.01,322.02,68.33,1856.38,278.22,BAJAJ HOLDINGS & INVESTMENT LTD,111.29,10233.8,,430.38,10775.47,10775.47,532.0,,9577.35,666.12,10775.47,10775.47,0.61,0.14,146.62,111293510.0,,10.0,473.0,-368.64,-331.96,-227.6,912.2
2014-03-31 00:00:00,423.19,0.43,-0.03,0.08,1.06,7.0,5.71,9.17,4.64,4.78,,399.57,81.12,1987.56,333.87,BAJAJ HOLDINGS & INVESTMENT LTD,111.29,11887.69,,449.26,12448.24,12448.24,531.8,,11324.93,591.51,12448.24,12448.24,0.31,0.12,268.53,111293500.0,,10.0,872.26,-519.08,-326.06,27.12,1024.8
2015-03-31 00:00:00,523.93,1.02,0.18,0.11,1.68,8.72,6.83,21.53,34.9,5.93,,513.19,99.36,2029.24,389.52,BAJAJ HOLDINGS & INVESTMENT LTD,111.29,13281.94,,499.75,13892.98,13892.98,543.96,,13077.56,271.46,13892.98,13892.98,0.61,0.31,48.24,111293510.0,,10.0,796.01,-464.23,-390.97,-59.19,1296.25
2016-03-31 00:00:00,470.11,0.92,-0.19,,1.78,17.56,9.35,11.78,6.85,5.48,,429.9,88.31,2265.24,361.69,BAJAJ HOLDINGS & INVESTMENT LTD,111.29,15182.03,,178.36,15471.68,15471.68,544.42,,13275.84,1651.42,15471.68,15471.68,0.59,0.13,1423.01,111293510.0,,10.0,1147.22,1019.43,-760.76,1405.89,1468.5
2017-03-31 00:00:00,842.36,1.1,0.17,,1.88,22.84,2.9,186.13,7.97,5.39,,630.26,134.57,2473.19,361.69,BAJAJ HOLDINGS & INVESTMENT LTD,111.29,17706.61,,70.77,17888.67,17888.67,221.98,,17364.28,302.41,17888.67,17888.67,0.53,0.28,12.53,111293510.0,,10.0,-923.34,-372.11,-110.49,-1405.94,2163.95
2018-03-31 00:00:00,419.67,,,,1.45,25.49,20.22,17.44,2389.62,5.24,,2739.45,84.7,2654.75,445.16,BAJAJ HOLDINGS & INVESTMENT LTD,111.29,25089.94,,67.61,25268.84,25268.84,215.05,,24575.43,478.36,25268.84,25268.84,,,81.21,111293510.0,,10.0,1631.1,-1122.78,-434.18,74.14,2664.5
2019-03-31 00:00:00,431.29,,,,1.69,32.29,18.88,31.7,2827.39,4.1,,3170.02,121.64,3048.38,361.69,BAJAJ HOLDINGS & INVESTMENT LTD,111.29,26841.01,,56.11,27008.41,27008.41,193.49,,26256.86,558.06,27008.41,27008.41,,,10.19,111293510.0,,10.0,627.64,-163.24,-536.05,-71.65,3416.55
2020-03-31 00:00:00,435.42,9.39,1.73,,9.92,48.98,38.51,28.89,3058.08,33.33,12.54,3313.67,233.48,2992.0,445.16,BAJAJ HOLDINGS & INVESTMENT LTD,111.29,27652.25,167.77,4797.42,32728.73,32728.73,374.44,,32067.75,286.54,32728.73,32728.73,4.7,3.36,112.31,111293510.0,,10.0,1919.83,-799.63,-1028.28,91.92,1798.55
2021-03-31 00:00:00,457.18,8.4,0.28,,5.15,46.76,27.19,18.29,3451.48,33.61,3.8,3765.74,111.59,3649.83,445.16,BAJAJ HOLDINGS & INVESTMENT LTD,111.29,37055.67,136.18,8186.45,45489.59,45489.59,341.87,,44913.65,234.07,45489.59,45489.59,6.83,3.6,83.26,111293510.0,,10.0,271.66,-307.91,-36.64,-72.89,3293.05
2012-03-31 00:00:00,36089.9,28662.5,150.6,229.5,181.6,877.9,2906.4,1099.3,1086.1,1162.5,61.6,2145.3,511.5,1681.2,216.75,MARUTI SUZUKI INDIA LTD,144.5,15530.2,1420.8,6003.7,23099.2,23099.2,7745.5,942.7,6545.0,7866.0,23099.2,23099.2,1006.6,1837.8,2463.4,288910060.0,,5.0,2655.2,-3180.8,610.0,84.4,1350.5
2013-03-31 00:00:00,44304.4,33031.8,-19.2,495.1,336.2,1120.2,3781.3,1159.9,796.9,1889.7,197.8,3070.1,621.5,2469.2,241.6,MARUTI SUZUKI INDIA LTD,151.0,18876.8,1568.8,6920.4,27517.0,27517.0,10021.7,1966.5,7421.4,8107.4,27517.0,27517.0,1535.5,1887.2,814.8,302080060.0,,5.0,4058.9,-3118.9,-978.6,-38.6,1281.2
2014-03-31 00:00:00,44541.8,31832.6,-20.4,595.7,312.9,1423.7,3705.8,1340.8,724.4,2116.0,184.5,3733.8,902.2,2852.9,362.4,MARUTI SUZUKI INDIA LTD,151.0,21345.4,2004.1,7975.0,31475.5,31475.5,11033.7,2639.5,10527.1,7275.2,31475.5,31475.5,1489.1,1763.2,648.6,302080060.0,,5.0,4994.6,-4996.9,-73.9,-76.2,1971.75
2015-03-31 00:00:00,50801.4,36075.6,460.9,713.8,304.4,1671.0,4318.0,1287.1,816.7,2515.3,217.8,4976.0,1185.4,3807.4,755.0,MARUTI SUZUKI INDIA LTD,151.0,24167.4,666.2,9492.3,34476.9,34476.9,12489.5,1890.1,13297.7,6799.6,34476.9,34476.9,1144.3,2745.3,43.2,302080060.0,,5.0,6449.2,-4491.1,-2003.5,-45.4,3697.35
2016-03-31 00:00:00,57589.0,38701.2,-4.8,694.1,427.8,2000.3,5367.3,1369.4,1464.1,2821.8,81.7,7584.7,2087.5,5497.2,1057.0,MARUTI SUZUKI INDIA LTD,151.0,30465.0,230.9,11878.6,42725.5,42725.5,12529.6,1006.9,20675.8,8513.2,42725.5,42725.5,1323.4,3132.6,50.7,302080060.0,,5.0,8482.5,-7230.4,-1236.6,15.5,3716.3
2017-03-31 00:00:00,68085.0,47121.5,379.3,518.6,382.9,2360.3,6111.3,1548.4,2399.2,2603.9,89.4,10127.2,2616.2,7509.9,2265.0,MARUTI SUZUKI INDIA LTD,151.0,36924.1,483.6,14401.8,51960.5,51960.5,13310.7,1252.3,29150.6,8246.9,51960.5,51960.5,1202.6,3263.7,23.5,302080060.0,,5.0,10282.0,-9173.2,-1129.3,-20.5,6015.7
2018-03-31 00:00:00,79809.4,54945.3,-40.8,673.4,462.1,2863.4,6755.3,1951.2,2154.6,2759.8,345.8,11166.9,3286.2,7880.0,2416.0,MARUTI SUZUKI INDIA LTD,151.0,42408.4,120.8,17568.2,60248.4,60248.4,13388.8,2132.1,36123.1,8604.4,60248.4,60248.4,1465.4,3160.2,74.0,302080060.0,,5.0,11787.9,-8301.7,-3436.1,50.1,8861.1
2019-03-31 00:00:00,86068.5,59346.6,-211.6,863.3,475.7,3285.0,8390.3,2439.7,2664.2,3020.8,75.9,10623.8,2973.2,7649.1,2416.0,MARUTI SUZUKI INDIA LTD,151.0,46941.1,159.6,16717.0,63968.7,63968.7,15437.3,1606.9,37503.6,9420.9,63968.7,63968.7,2312.8,3322.6,187.8,302080060.0,,5.0,6600.9,-3539.9,-2947.9,113.1,6672.55
2020-03-31 00:00:00,75660.0,53402.0,238.7,699.5,378.1,3416.2,8456.3,2191.6,3410.4,3528.4,134.2,7102.8,1425.2,5676.0,1812.0,MARUTI SUZUKI INDIA LTD,151.0,49262.0,184.1,14030.6,63627.7,63627.7,15744.4,1415.2,37488.0,8980.1,63627.7,63627.7,1977.7,3213.9,29.0,302080060.0,,5.0,3495.8,-556.6,-3104.3,-165.1,4288.3
2021-03-31 00:00:00,70372.0,50550.5,-273.6,476.6,399.2,3431.6,7924.0,1905.9,3046.3,3034.1,101.8,5321.0,931.9,4389.1,1359.0,MARUTI SUZUKI INDIA LTD,151.0,52349.6,540.9,18241.2,71282.7,71282.7,14988.7,1496.8,42944.8,11852.4,71282.7,71282.7,1279.9,3049.0,3047.1,302080060.0,,5.0,8856.2,-7291.3,-1544.9,20.0,6859.2
2016-03-31 00:00:00,11871.74,,,,201.67,1237.4,602.35,2146.32,3296.95,156.52,7355.17,3469.26,1182.81,2286.73,267.75,INDUSIND BANK LTD,594.99,17088.43,117996.21,7218.57,142898.2,142898.2,1217.85,37.48,34055.52,107587.35,142898.2,142898.2,,,10111.87,594986335.0,,10.0,-2926.93,-257.51,2517.17,-667.27,967.6
2017-03-31 00:00:00,14405.67,,,,255.15,1523.74,1138.09,2766.73,4171.49,190.7,8343.07,4359.68,1491.79,2868.17,358.89,INDUSIND BANK LTD,598.15,20034.25,149025.91,8991.59,178649.9,178649.9,1306.8,28.44,36703.62,140611.04,178649.9,178649.9,,,18628.25,598148705.0,,10.0,11569.3,-284.67,-2768.25,8516.38,1425.15
2018-03-31 00:00:00,17280.75,,,,341.83,1783.48,843.25,3586.67,4750.1,211.64,9783.3,5480.68,1874.69,3606.12,450.16,INDUSIND BANK LTD,600.22,23228.47,189928.25,7870.84,221627.78,221627.78,1313.31,25.44,50078.33,170210.7,221627.78,221627.78,,,13215.88,600223187.0,,10.0,-20700.44,-217.04,15505.11,-5412.38,1796.75
2019-03-31 00:00:00,22261.15,,,,335.63,1857.19,927.85,6163.42,5646.72,228.85,13414.97,4979.96,1679.47,3300.75,452.02,INDUSIND BANK LTD,602.69,26073.37,242189.03,8955.61,277820.7,277820.7,1688.06,21.95,59268.04,216842.65,277820.7,277820.7,,,14783.4,602686868.0,,10.0,-6388.95,-633.18,8589.65,1567.52,1780.0
2020-03-31 00:00:00,28782.83,,,,381.44,2823.54,1163.32,8175.44,6952.67,290.94,16724.09,6176.73,1718.86,4458.18,,INDUSIND BANK LTD,693.54,33371.2,262780.54,10383.32,307228.6,307228.6,1792.04,78.84,59938.44,245419.28,307228.6,307228.6,,,16054.11,693535738.0,,10.0,-12907.35,1445.36,12732.7,1270.71,351.3
2021-03-31 00:00:00,28999.8,,,,362.02,3042.94,1127.69,11239.07,6500.88,327.64,15471.9,3929.42,999.54,2930.1,386.68,INDUSIND BANK LTD,773.37,42721.87,307192.91,12215.15,362903.3,362903.3,1800.51,75.23,69653.42,291374.14,362903.3,362903.3,,,56609.89,773372299.0,,10.0,44975.72,-324.15,-4095.79,40555.78,954.45
2012-03-31 00:00:00,39355.63,31358.92,505.7,7.97,854.95,461.05,875.3,1302.3,545.1,1223.99,1825.56,2496.39,476.06,1839.21,109.98,ADANI ENTERPRISES LTD,109.98,19361.87,69478.88,18009.73,106960.46,106960.46,37735.03,37220.72,542.14,31462.57,106960.46,106960.46,9389.44,5214.78,6513.91,1099810083.0,,1.0,644.88,-34827.23,34872.37,690.02,108.93
2013-03-31 00:00:00,46375.09,33930.6,-47.97,17.57,3055.09,642.56,2232.85,427.75,1774.86,2297.86,3492.47,2005.23,787.66,1612.98,153.97,ADANI ENTERPRISES LTD,109.98,21285.91,69331.83,21143.3,111871.02,111871.02,48770.27,29248.44,323.04,33529.27,111871.02,111871.02,9002.18,3733.34,7074.24,1099810083.0,,1.0,7666.23,-14790.09,7199.04,75.18,72.24
2014-03-31 00:00:00,54947.22,38408.7,676.69,31.18,3625.38,829.76,2566.34,779.77,1157.07,3223.07,5703.04,1613.74,-1031.92,2220.77,153.97,ADANI ENTERPRISES LTD,109.98,23647.21,71979.92,22364.81,118101.92,118101.92,70578.7,13573.6,288.39,33661.23,118101.92,118101.92,10112.53,3924.07,3721.12,1099810100.0,,1.0,8227.72,-8007.37,-1108.53,-888.18,131.49
2015-03-31 00:00:00,64465.36,42515.78,-295.09,30.62,4254.57,1151.79,3069.77,697.84,791.64,3521.86,7056.29,2663.39,365.39,1948.05,153.97,ADANI ENTERPRISES LTD,109.98,25617.83,83570.64,21419.74,130718.19,130718.19,83834.04,6733.02,744.11,39407.02,130718.19,130718.19,15319.15,4081.68,3651.04,1099810083.0,,1.0,8531.66,-11464.74,3445.23,512.15,219.86
2016-03-31 00:00:00,34008.38,28195.81,-226.21,7.5,1705.69,528.99,1358.01,302.58,1043.63,314.45,1356.99,1055.78,77.94,1010.72,43.99,ADANI ENTERPRISES LTD,109.98,13267.63,19169.35,9132.42,41679.38,41679.38,10473.3,7704.94,804.95,22696.19,41679.38,41679.38,10187.46,1299.78,1539.5,1099810083.0,,1.0,5112.01,-1825.17,-3448.05,-161.21,49.31
2017-03-31 00:00:00,36532.86,30945.16,-36.38,7.42,1910.37,511.48,1004.69,215.13,749.41,315.46,1257.31,1078.87,271.15,987.74,43.99,ADANI ENTERPRISES LTD,109.98,14025.99,20845.72,12629.78,47611.47,47611.47,13667.98,7731.49,1041.75,25170.25,47611.47,47611.47,12741.75,1651.9,1715.09,1099810083.0,,1.0,774.07,-1459.77,715.82,30.12,72.53
2018-03-31 00:00:00,35923.92,30771.08,772.74,2.91,2204.89,568.97,928.28,182.82,363.21,663.92,1250.17,486.83,112.11,757.25,43.99,ADANI ENTERPRISES LTD,109.98,14979.19,17636.69,23679.48,56405.34,56405.34,10555.19,5525.87,1460.72,38863.56,56405.34,56405.34,12098.77,2342.56,1884.25,1099810083.0,,1.0,2942.39,-7648.85,5119.57,413.11,104.5
2019-03-31 00:00:00,40378.66,33821.4,499.99,5.74,2551.28,657.18,1230.62,643.09,504.22,389.77,1625.07,458.72,144.54,717.14,43.99,ADANI ENTERPRISES LTD,109.98,14645.96,11243.2,16537.04,42536.18,42536.18,9020.11,5764.92,1511.35,26239.8,42536.18,42536.18,14307.03,2668.82,1709.28,1099810083.0,,1.0,3235.92,2486.91,-6158.41,-435.58,146.75
2020-03-31 00:00:00,43402.56,34350.2,-310.13,12.22,3115.25,683.28,1954.57,682.52,872.32,472.06,1572.32,1122.33,324.33,1138.17,109.98,ADANI ENTERPRISES LTD,109.98,16836.59,12419.3,17509.19,46875.06,46875.06,10476.46,7346.73,1952.49,27099.38,46875.06,46875.06,13146.53,2562.37,3376.68,1099810083.0,,1.0,2453.56,-1081.85,-220.9,1150.81,137.6
2021-03-31 00:00:00,39537.13,29791.08,-456.74,13.4,4357.88,830.36,1306.48,275.54,494.31,537.14,1376.85,1085.97,339.65,922.64,109.98,ADANI ENTERPRISES LTD,109.98,17048.59,16001.2,18456.95,51616.72,51616.72,10837.61,8825.46,5502.94,26450.71,51616.72,51616.72,11982.65,1757.04,1810.82,1099810083.0,,1.0,4093.53,-8610.66,3058.59,-1458.54,1031.15
2012-03-31 00:00:00,408923.0,364880.18,3470.95,4083.24,11114.92,5296.99,6226.89,1270.54,-4268.28,5309.26,5948.33,3995.32,-269.95,4225.98,1286.81,INDIAN OIL CORPORATION LTD,2427.95,57945.35,80015.33,79437.95,219826.58,219826.58,64585.9,15449.64,17587.92,122203.12,219826.58,219826.58,11557.3,63851.04,821.95,2427952482.0,,10.0,-762.81,-13056.45,13103.38,-715.88,65.68
2013-03-31 00:00:00,461779.51,420056.14,5515.07,5676.33,12734.39,7783.88,8287.42,-1104.46,3499.37,5691.5,7164.5,4504.25,876.95,4449.01,1602.45,INDIAN OIL CORPORATION LTD,2427.95,60608.02,89671.12,89171.18,241878.27,241878.27,66707.2,27239.97,17350.78,130580.32,241878.27,241878.27,12502.05,66758.23,1219.8,2427952500.0,,10.0,9339.5,-9293.58,351.93,397.85,70.4
2014-03-31 00:00:00,488344.93,433784.34,1243.0,6594.87,15041.43,7137.41,9933.84,-125.47,5064.17,6359.99,5947.84,9977.85,3011.27,7085.59,2112.32,INDIAN OIL CORPORATION LTD,2427.95,65485.07,94915.88,103124.16,265953.06,265953.06,69723.72,38060.91,15894.94,142273.49,265953.06,265953.06,12543.56,72505.7,3704.52,2427952500.0,,10.0,24194.93,-18594.43,-3115.78,2484.72,70.42
2015-03-31 00:00:00,449506.76,389529.56,-9854.11,6543.6,19480.72,7662.49,9035.93,-3174.58,5859.59,5219.01,4201.16,7014.35,2142.57,4912.02,1602.45,INDIAN OIL CORPORATION LTD,2427.95,66404.32,64892.9,100157.92,233883.09,233883.09,72843.98,40378.07,16068.68,104592.36,233883.09,233883.09,7648.35,50105.11,1224.89,2427952482.0,,10.0,46092.12,-10215.23,-38282.66,-2405.77,92.17
2016-03-31 00:00:00,346044.74,281445.34,-3578.2,4967.59,16506.74,7501.8,5194.97,4811.94,5219.2,5698.39,3487.21,18071.76,5658.44,12022.45,3317.54,INDIAN OIL CORPORATION LTD,2369.67,87609.94,58551.5,83184.13,231715.24,231715.24,95760.58,26218.99,31184.79,78550.88,231715.24,231715.24,7684.5,42416.53,1050.36,2427952482.0,,10.0,25624.23,-13610.44,-11889.71,124.08,98.4
2017-03-31 00:00:00,355379.0,290251.45,15092.13,4283.71,18258.85,10262.76,4069.69,9195.58,4355.72,6805.92,3743.09,27955.8,7570.4,19849.49,9004.75,INDIAN OIL CORPORATION LTD,4739.34,97356.76,63270.62,108351.95,273718.67,273718.67,112030.69,16778.4,43687.24,101222.34,273718.67,273718.67,9017.41,65881.69,409.75,4855904964.0,,10.0,28216.12,-17684.41,-10937.06,-405.35,193.53
2018-03-31 00:00:00,421491.82,335384.05,-1462.35,5184.8,20290.84,10680.7,5271.23,1559.89,4331.03,7663.54,3875.23,34450.22,11823.87,22189.45,19905.25,INDIAN OIL CORPORATION LTD,9478.69,104395.13,65650.26,116335.88,295859.96,295859.96,119937.01,19130.38,44806.05,111986.52,295859.96,295859.96,10696.48,70752.16,496.31,9711809928.0,4855904964.0,10.0,29115.29,-17118.7,-12007.36,-10.77,176.6
2019-03-31 00:00:00,528157.5,445642.35,3545.59,6742.21,22257.57,11596.28,5986.0,4216.98,4097.06,8506.45,4925.41,25926.9,8653.05,17376.7,8492.46,INDIAN OIL CORPORATION LTD,9181.04,103288.2,96765.04,126128.23,335362.51,335362.51,127223.21,28280.74,44112.25,135746.31,335362.51,335362.51,15807.53,77332.17,1060.97,9414158922.0,,10.0,12746.52,-22568.61,10436.45,614.36,162.85
2020-03-31 00:00:00,483763.03,420543.85,5414.35,5647.81,24939.61,9336.93,5258.33,7397.58,-7164.93,10273.39,5791.96,-7177.01,-5300.69,-893.14,3901.94,INDIAN OIL CORPORATION LTD,9181.04,86216.87,129790.33,104773.47,329961.71,329961.71,141593.9,32844.84,35570.87,119952.1,329961.71,329961.71,13259.48,67235.64,2295.98,9414158922.0,,10.0,7146.25,-29100.76,22456.03,501.52,81.65
2021-03-31 00:00:00,363949.67,281640.5,6181.61,4796.61,23585.96,11308.78,5058.93,3811.83,4696.27,10941.45,2932.76,30750.73,8988.51,21638.21,11017.25,INDIAN OIL CORPORATION LTD,9181.04,102657.01,116653.1,126653.94,355145.09,355145.09,151286.93,36290.54,44716.82,122850.8,355145.09,355145.09,13800.28,83656.63,2474.73,9414158922.0,,10.0,49861.73,-24244.89,-26270.21,-653.37,91.85
2017-03-31 00:00:00,18580.5,123.83,0.29,6341.51,6587.56,2048.39,1201.51,59.36,789.07,457.25,406.15,2144.3,485.15,1659.15,1229.0,INTERGLOBE AVIATION LTD,361.47,3411.83,2596.17,8840.26,15209.73,15209.73,3793.84,25.19,3713.43,7677.27,15209.73,15209.73,158.7,163.15,4632.55,361468363.0,,10.0,3782.07,-3033.11,-1401.21,-652.25,1051.4
2018-03-31 00:00:00,23020.89,123.88,-1.27,7760.14,8177.6,2456.23,1321.05,150.94,946.81,436.88,413.09,3126.62,884.3,2242.32,230.65,INTERGLOBE AVIATION LTD,384.41,6687.07,2254.3,11803.51,21129.29,21129.29,4578.81,32.49,6343.93,10174.06,21129.29,21129.29,226.32,183.23,6580.69,384406838.0,,10.0,3903.08,-4151.44,765.96,517.6,1290.45
2019-03-31 00:00:00,28496.77,139.8,0.66,11942.79,10945.71,3211.44,1858.12,548.49,1324.52,759.58,563.4,-147.38,-304.63,157.25,192.2,INTERGLOBE AVIATION LTD,384.41,6555.52,2429.17,15656.78,25025.88,25025.88,5662.04,23.63,6516.59,12823.62,25025.88,25025.88,362.47,211.44,8622.0,384406838.0,,10.0,3175.54,-2525.68,-592.16,57.7,1428.15
2020-03-31 00:00:00,35756.0,180.91,3.05,12453.79,10496.59,4711.43,2196.73,1630.06,1530.58,3973.93,1901.86,-255.67,-21.99,-233.68,,INTERGLOBE AVIATION LTD,384.8,5487.27,22719.17,13509.84,42101.08,42101.08,16779.3,140.24,9499.24,15682.3,42101.08,42101.08,259.42,286.13,10872.43,384796279.0,,10.0,6971.78,-4573.65,-2407.48,-9.35,1066.15
2021-03-31 00:00:00,14640.63,54.32,-1.16,3831.28,6878.78,3297.49,968.92,-405.58,1036.96,4699.45,2169.84,-5818.07,-11.65,-5806.43,,INTERGLOBE AVIATION LTD,384.91,-279.93,29859.65,13086.52,43051.15,43051.15,18816.63,71.77,7339.49,16823.26,43051.15,43051.15,218.98,316.42,11227.67,384910000.0,,10.0,-1614.15,3179.31,-1775.34,-210.18,1631.95
2012-03-31 00:00:00,46600.68,26306.13,1357.58,3391.72,3748.18,8038.03,2318.51,-2012.99,1884.11,1685.95,1084.71,5282.13,1688.77,3593.5,826.11,STEEL AUTHORITY OF INDIA LTD,4130.53,36145.0,17405.17,20988.57,78669.27,78669.27,18796.29,28327.65,68.54,31476.79,78669.27,78669.27,4848.34,14061.11,6662.46,4130525289.0,,10.0,1667.7,-7670.08,-5084.13,-11086.51,94.25
2013-03-31 00:00:00,44891.46,21970.38,2019.4,3775.22,4224.05,8756.22,2953.66,321.68,923.35,1526.61,846.08,3460.31,1131.23,2329.08,826.11,STEEL AUTHORITY OF INDIA LTD,4130.53,37510.86,22538.8,22508.62,86688.81,86688.81,18383.8,36161.11,72.53,32071.37,86688.81,86688.81,4550.55,16350.41,4177.21,4130525300.0,,10.0,2822.94,-8316.71,3008.54,-2485.23,62.55
2014-03-31 00:00:00,46803.54,19970.55,-897.35,3834.67,4747.24,9708.24,2859.8,628.47,2071.47,1835.76,1047.14,3345.79,693.45,2652.14,834.37,STEEL AUTHORITY OF INDIA LTD,4130.53,39150.84,26020.45,24770.37,94072.19,94072.19,28174.97,33958.5,91.39,31847.33,94072.19,94072.19,5491.45,15559.06,3142.47,4130525300.0,,10.0,6312.75,-7488.5,1017.34,-158.41,71.4
2015-03-31 00:00:00,46032.15,19364.97,1368.7,4491.56,5275.49,9899.61,3265.97,288.44,892.22,1907.14,1555.18,2244.71,305.82,2035.32,826.11,STEEL AUTHORITY OF INDIA LTD,4130.53,39609.67,32146.27,26962.84,102849.31,102849.31,39011.03,29327.8,60.53,34449.95,102849.31,102849.31,3250.14,18251.43,2635.92,4130525289.0,,10.0,2579.08,-6291.71,3775.21,62.58,67.4
2016-03-31 00:00:00,38793.04,17183.0,-540.45,5459.95,4563.14,9728.72,3404.24,748.01,425.13,2404.42,2300.45,-7114.21,-2937.71,-4176.5,,STEEL AUTHORITY OF INDIA LTD,4130.53,36020.9,35141.4,26233.68,101526.51,101526.51,45941.96,24927.22,2279.92,28377.41,101526.51,101526.51,3151.42,14932.46,345.55,4130525289.0,,10.0,4042.75,-4805.36,742.73,-19.88,43.1
2017-03-31 00:00:00,44209.65,21161.45,-117.34,5371.01,4615.55,9180.52,3125.08,523.44,378.49,2681.62,2527.82,-4715.69,-1959.52,-2756.17,,STEEL AUTHORITY OF INDIA LTD,4130.53,32911.73,41395.65,29405.49,107843.4,107843.4,50300.27,23275.39,2475.46,31792.28,107843.4,107843.4,2934.69,15964.25,378.83,4130525289.0,,10.0,2160.1,-5466.77,3302.13,-4.54,61.3
2018-03-31 00:00:00,57496.26,30514.01,-1138.82,5931.71,955.71,9120.07,4518.83,608.7,653.68,3065.97,2822.75,-526.63,-245.23,-281.4,,STEEL AUTHORITY OF INDIA LTD,4130.53,32816.12,45408.72,33338.69,115694.06,115694.06,58625.43,18395.43,2628.86,36044.34,115694.06,115694.06,3870.99,17277.39,345.55,4130525289.0,,10.0,6163.54,-6479.6,269.42,-46.64,70.2
2019-03-31 00:00:00,66973.49,32402.97,2716.16,6189.45,5563.95,8949.82,5755.43,1021.25,282.72,3385.34,3154.92,3549.24,1200.53,2348.71,206.53,STEEL AUTHORITY OF INDIA LTD,4130.53,35515.62,45170.04,33385.22,118201.41,118201.41,61374.5,16013.61,2974.83,37838.47,118201.41,118201.41,4497.48,19759.44,287.69,4130525289.0,,10.0,7215.15,-3694.49,-3549.08,-28.42,53.75
2020-03-31 00:00:00,61664.12,29371.73,5577.63,6340.73,6068.44,8797.32,5215.08,1183.3,278.92,3755.73,3486.76,3301.58,1180.87,2120.71,,STEEL AUTHORITY OF INDIA LTD,4130.53,37379.7,54127.05,31560.3,127197.58,127197.58,69034.28,8753.33,3240.39,46169.58,127197.58,127197.58,8844.73,24106.21,445.02,4130525289.0,,10.0,-617.67,-4260.52,5003.15,124.96,23.05
2021-03-31 00:00:00,69113.61,23213.59,-4276.64,,,10461.05,,18423.59,1386.84,4102.78,2817.15,7205.65,3057.52,4148.13,1569.6,STEEL AUTHORITY OF INDIA LTD,4130.53,41275.69,35576.27,38263.38,119245.87,119245.87,67618.16,8880.63,3442.26,39304.82,119245.87,119245.87,7153.7,15334.17,796.35,,,10.0,23430.37,-3412.69,-19689.94,327.74,78.8
2015-03-31 00:00:00,1059.13,239.46,-0.04,13.64,404.13,175.0,39.01,35.78,82.07,20.42,,213.72,83.09,130.63,26.2,INDIAN RAILWAY CATERING & TOURISM CORPORATION LTD,20.0,424.25,,717.86,1162.11,1162.11,155.32,16.48,,990.31,1162.11,1162.11,148.98,9.54,354.08,20000000.0,,10.0,68.7,-45.84,-16.85,6.02,
2016-03-31 00:00:00,1366.78,230.3,-2.53,14.38,688.55,164.64,48.31,27.7,138.95,20.54,0.12,308.66,120.03,188.63,75.4,INDIAN RAILWAY CATERING & TOURISM CORPORATION LTD,20.0,522.07,,894.98,1437.05,1437.05,158.61,14.19,,1264.25,1437.05,1437.05,162.11,8.26,617.88,20000000.0,,10.0,287.65,7.1,-31.45,263.3,
2017-03-31 00:00:00,1519.65,210.86,-0.63,10.19,730.22,163.88,83.17,7.15,66.55,22.41,2.62,355.07,125.99,229.08,112.96,INDIAN RAILWAY CATERING & TOURISM CORPORATION LTD,40.0,746.56,,1039.89,1826.45,1826.45,170.4,16.83,,1639.22,1826.45,1826.45,289.4,6.58,852.96,40000000.0,20000000.0,10.0,338.24,93.57,-135.95,295.86,
2018-03-31 00:00:00,1466.09,252.82,0.4,10.94,619.86,192.27,106.71,10.3,98.69,23.66,2.99,345.63,125.02,220.62,47.2,INDIAN RAILWAY CATERING & TOURISM CORPORATION LTD,40.0,914.53,,1364.58,2319.11,2319.11,189.82,7.65,,2121.64,2319.11,2319.11,550.92,7.41,833.87,40000000.0,,10.0,23.63,40.21,-56.79,7.04,
2019-03-31 00:00:00,1870.0,124.26,0.15,14.4,818.07,195.21,276.27,58.58,126.19,28.64,2.35,478.56,169.99,308.56,302.37,INDIAN RAILWAY CATERING & TOURISM CORPORATION LTD,160.0,911.02,,1523.22,2594.24,2594.24,182.25,40.38,,2371.61,2594.24,2594.24,587.45,7.89,1140.04,160000000.0,120000000.0,10.0,499.04,-352.73,-179.4,-33.09,
2020-03-31 00:00:00,2264.31,138.7,0.7,14.4,856.26,244.22,296.43,12.33,76.88,40.21,9.76,729.58,216.48,513.11,200.0,INDIAN RAILWAY CATERING & TOURISM CORPORATION LTD,160.0,1153.82,,1927.67,3241.49,3241.49,284.69,16.21,,2940.59,3241.49,3241.49,777.93,9.76,1296.43,160000000.0,,10.0,409.07,8.44,-280.19,137.32,982.55
2021-03-31 00:00:00,783.05,45.48,-2.42,5.6,197.48,206.67,91.54,43.54,125.0,46.28,8.15,260.89,70.99,189.9,80.0,INDIAN RAILWAY CATERING & TOURISM CORPORATION LTD,160.0,1306.95,,1699.09,3166.04,3166.04,309.96,24.3,,2831.78,3166.04,3166.04,540.05,6.54,1460.5,160000000.0,,10.0,247.27,-452.88,-46.76,-252.37,1757.0
2012-03-31 00:00:00,2208.56,1956.77,72.81,22.58,56.56,45.31,217.25,-154.82,14.5,37.47,26.02,88.73,28.33,60.41,,AVENUE SUPERMARTS LTD,533.54,148.15,380.68,128.5,1190.87,1190.87,779.07,84.94,22.68,304.18,1190.87,1190.87,5.63,195.74,47.92,533539300.0,,10.0,65.36,-128.92,93.49,29.94,
2013-03-31 00:00:00,3340.85,2937.93,80.49,34.84,84.3,68.67,306.1,-225.15,14.86,45.79,42.59,141.13,47.28,93.86,,AVENUE SUPERMARTS LTD,544.06,245.48,526.06,176.47,1492.07,1492.07,924.67,118.11,15.96,433.33,1492.07,1492.07,13.29,276.23,61.62,544058845.0,,10.0,127.09,-230.89,117.54,13.74,
2014-03-31 00:00:00,4686.48,4086.53,102.1,45.31,123.53,87.34,420.11,-315.52,16.27,57.01,55.68,244.86,83.48,161.37,,AVENUE SUPERMARTS LTD,546.75,408.82,640.82,211.26,1807.65,1807.65,1171.69,88.78,15.54,531.64,1807.65,1807.65,9.54,378.33,55.41,546752880.0,,10.0,198.14,-270.17,65.23,-6.8,
2015-03-31 00:00:00,6439.43,5648.47,161.28,59.33,155.35,134.06,582.8,-435.56,20.27,81.54,72.36,322.63,110.92,211.67,,AVENUE SUPERMARTS LTD,561.54,637.65,904.26,251.36,2354.81,2354.81,1528.08,98.12,15.23,713.38,2354.81,2354.81,7.07,539.61,38.04,561542680.0,,10.0,222.02,-473.88,234.45,-17.41,
2016-03-31 00:00:00,8583.76,7435.62,132.08,79.24,241.36,149.04,647.37,-501.25,17.02,98.43,91.34,491.71,171.47,320.24,,AVENUE SUPERMARTS LTD,561.54,958.9,1192.34,388.78,3101.56,3101.56,2093.52,81.69,29.33,897.02,3101.56,3101.56,8.42,671.69,35.1,561542680.0,,10.0,433.47,-632.89,196.44,-2.98,
2017-03-31 00:00:00,11897.7,10357.25,276.22,99.41,332.9,192.67,71.24,151.27,27.7,127.82,121.98,747.08,268.28,478.75,,AVENUE SUPERMARTS LTD,624.08,3217.7,1497.32,480.18,5819.28,5819.28,2577.75,152.89,25.69,3062.95,5819.28,5819.28,21.0,947.9,1884.29,624084486.0,,10.0,455.28,-2481.61,2025.26,-1.07,637.85
2018-03-31 00:00:00,15033.2,12846.95,211.31,121.26,373.72,283.14,96.0,170.58,87.75,159.0,59.54,1222.07,415.79,806.26,,AVENUE SUPERMARTS LTD,624.08,4044.97,439.25,539.92,5648.22,5648.22,3399.97,147.07,68.18,2033.0,5648.22,5648.22,33.52,1163.45,560.18,624084486.0,,10.0,729.99,463.55,-1159.06,34.48,1324.8
2019-03-31 00:00:00,20004.52,17445.49,444.65,152.8,499.72,356.17,135.84,225.84,48.33,212.49,47.21,1421.94,519.48,902.54,,AVENUE SUPERMARTS LTD,624.08,4963.37,700.15,717.9,7005.5,7005.5,4400.37,376.84,16.53,2211.76,7005.5,7005.5,64.37,1608.65,219.07,624084486.0,,10.0,806.84,-958.37,208.98,57.45,1471.1
2020-03-31 00:00:00,24870.2,21441.68,338.75,188.24,645.96,457.14,119.23,228.39,59.99,374.41,69.12,1744.77,443.79,1301.08,,AVENUE SUPERMARTS LTD,647.77,10431.97,333.19,663.23,12076.16,12076.16,5948.03,364.4,14.68,5749.05,12076.16,12076.16,19.55,1947.4,107.88,647774691.0,,10.0,1280.14,-4656.56,3357.42,-19.0,2187.5
2021-03-31 00:00:00,24143.06,20855.56,300.88,174.2,746.43,537.58,108.69,276.65,194.43,414.16,41.65,1483.45,384.02,1099.49,,AVENUE SUPERMARTS LTD,647.77,11535.94,392.71,1078.63,13655.05,13655.05,7008.8,1019.59,2.95,5623.71,13655.05,13655.05,43.58,2248.28,1445.58,647774691.0,,10.0,1375.14,-1110.0,-179.5,85.64,2859.05
2012-03-31 00:00:00,2158.87,963.89,36.65,65.82,84.21,446.97,549.85,85.71,466.57,129.29,215.46,120.89,5.63,111.5,301.96,PIRAMAL ENTERPRISES LTD,34.51,11207.52,2046.68,1408.27,14696.98,14696.98,1827.78,260.77,6964.08,5644.35,14696.98,14696.98,436.65,465.6,57.82,172563100.0,,2.0,-684.78,-1581.29,640.17,-1625.9,460.88
2013-03-31 00:00:00,3520.19,1214.91,101.34,82.12,150.37,796.97,871.48,71.68,157.85,209.56,575.01,-192.72,24.76,-227.29,301.96,PIRAMAL ENTERPRISES LTD,34.51,10689.05,7688.13,1831.84,20243.53,20243.53,5709.41,371.96,7876.76,6285.4,20243.53,20243.53,597.57,541.82,287.52,172563100.0,,2.0,-1570.46,-1494.55,3280.68,215.67,597.65
2014-03-31 00:00:00,4502.74,1221.06,26.04,89.35,199.28,1137.16,1079.42,154.86,214.06,246.9,1049.58,-434.77,62.75,-501.41,905.89,PIRAMAL ENTERPRISES LTD,34.51,9286.55,9551.9,2622.3,21495.26,21495.26,6191.0,491.07,9445.78,5367.41,21495.26,21495.26,719.77,652.3,333.6,172563100.0,,2.0,-1604.43,1535.12,125.84,56.53,536.26
2015-03-31 00:00:00,5122.61,1331.42,17.02,92.15,219.48,1299.08,1177.18,130.31,2945.81,289.87,510.6,3035.35,344.96,2849.95,345.1,PIRAMAL ENTERPRISES LTD,34.51,11701.42,7306.1,1891.12,20933.15,20933.15,7065.23,277.14,7767.89,5822.89,20933.15,20933.15,831.73,674.94,460.08,172563100.0,,2.0,-2206.85,6193.31,-3864.63,121.83,851.51
2016-03-31 00:00:00,6341.51,1370.61,64.67,98.73,222.22,1685.72,1102.97,335.74,578.58,255.45,959.07,954.25,49.51,904.74,301.96,PIRAMAL ENTERPRISES LTD,34.51,12913.84,16278.79,1722.31,30949.45,30949.45,7525.28,355.02,16316.7,6752.45,30949.45,30949.45,970.81,723.77,365.94,172563100.0,,2.0,-6956.19,-594.49,7543.9,-6.78,1013.31
2017-03-31 00:00:00,8503.65,1390.66,-10.44,101.03,269.99,1796.63,1141.68,286.92,216.64,381.7,2030.98,1310.26,228.12,1252.33,362.36,PIRAMAL ENTERPRISES LTD,34.51,14848.06,30450.98,2875.06,48208.61,48208.61,9972.7,879.63,25180.61,12175.67,48208.61,48208.61,1107.74,723.07,1540.9,172563100.0,,2.0,-10056.65,-2376.17,13570.46,1137.64,1860.57
2018-03-31 00:00:00,10631.03,1523.84,5.49,106.48,293.03,1991.36,1168.05,393.89,259.53,477.33,2978.3,1963.77,-2876.42,5121.49,450.62,PIRAMAL ENTERPRISES LTD,36.05,22168.62,44160.8,6405.74,72771.21,72771.21,10725.53,647.18,28842.15,32556.35,72771.21,72771.21,1355.45,774.02,2467.01,180273674.0,,2.0,-15966.59,-1747.23,18650.25,936.43,2392.48
2019-03-31 00:00:00,11882.59,1506.88,-3.57,111.68,333.8,1511.15,973.31,823.2,198.09,400.52,4100.26,2316.31,852.22,1467.06,516.46,PIRAMAL ENTERPRISES LTD,36.89,23823.43,56036.71,5696.95,85593.98,85593.98,11196.97,493.72,25747.12,48156.17,85593.98,85593.98,1403.33,831.33,918.57,184446972.0,,2.0,-11611.16,-820.04,10751.82,-1679.38,2717.4
2020-03-31 00:00:00,13068.29,1850.64,173.82,124.33,343.77,1611.72,975.0,2068.98,1554.82,520.3,5320.62,1981.57,1960.43,24.03,315.77,PIRAMAL ENTERPRISES LTD,45.11,28999.13,42167.55,3688.57,74900.36,74900.36,6415.47,517.11,19442.79,48524.99,74900.36,74900.36,1324.39,1061.17,4771.12,225538356.0,,2.0,7516.34,7490.56,-13018.56,1988.34,939.5
2021-03-31 00:00:00,12809.35,2076.89,155.3,140.81,399.19,1654.98,987.27,234.17,753.84,560.88,4208.53,3455.77,2042.91,1332.34,744.32,PIRAMAL ENTERPRISES LTD,45.11,32445.5,39557.06,4848.51,76896.18,76896.18,7860.36,635.66,22029.26,46370.9,76896.18,76896.18,1544.73,1299.23,7024.72,225538356.0,,2.0,3664.54,-2766.05,2071.58,2970.07,1753.15
2012-03-31 00:00:00,13759.96,,,,12361.76,427.66,497.5,44.41,214.24,34.32,4.41,604.14,48.32,555.82,50.0,SBI LIFE INSURANCE COMPANY LTD,1000.0,1155.65,,46084.75,48240.4,48240.4,263.42,1.8,44777.62,3197.56,48240.4,48240.4,,,2303.4,1000000000.0,,10.0,6467.87,-4967.68,,1500.19,
2013-03-31 00:00:00,14869.77,,,,12545.46,466.26,1075.51,355.84,292.37,24.63,4.47,689.97,59.85,630.11,50.0,SBI LIFE INSURANCE COMPANY LTD,1000.0,1736.42,,50978.01,53714.43,53714.43,282.84,2.7,50047.3,3381.59,53714.43,53714.43,,,2153.19,1000000000.0,,10.0,1129.96,-226.75,-58.11,845.1,
2014-03-31 00:00:00,17258.12,,,,14731.64,531.7,1118.77,364.63,344.1,34.55,4.73,816.2,88.45,727.75,100.0,SBI LIFE INSURANCE COMPANY LTD,1000.0,2356.32,,57284.0,60640.32,60640.32,304.47,3.69,56274.62,4057.54,60640.32,60640.32,,,2542.29,1000000000.0,,10.0,166.44,-708.42,-58.11,-600.09,
2015-03-31 00:00:00,23299.03,,,,20514.16,589.5,1197.08,203.82,182.95,34.02,4.29,939.11,124.24,814.87,120.0,SBI LIFE INSURANCE COMPANY LTD,1000.0,3056.34,,70064.19,74120.53,74120.53,291.62,6.81,69384.78,4437.32,74120.53,74120.53,,,2523.78,1000000000.0,,10.0,2711.49,-178.24,-117.0,2416.25,
2016-03-31 00:00:00,19324.15,,,,15990.53,696.56,1517.83,198.86,128.62,37.13,4.88,1006.98,162.88,844.1,120.0,SBI LIFE INSURANCE COMPANY LTD,1000.0,3733.1,,78695.97,83429.07,83429.07,301.02,146.23,77842.69,5139.13,83429.07,83429.07,,,2616.76,1000000000.0,,10.0,5777.94,-7203.73,-143.99,-1569.78,
2017-03-31 00:00:00,30547.66,,,,26828.9,823.18,1739.21,87.94,138.72,47.56,5.19,1154.4,199.75,954.65,150.0,SBI LIFE INSURANCE COMPANY LTD,1000.0,4552.08,,96687.49,102239.57,102239.57,507.43,31.05,95830.28,5870.81,102239.57,102239.57,,,2429.84,1000000000.0,,10.0,8525.12,-9031.77,-144.43,-651.08,
2018-03-31 00:00:00,34068.38,,,,29360.81,958.58,2033.91,382.94,155.68,59.31,6.06,1422.45,272.06,1150.39,200.0,SBI LIFE INSURANCE COMPANY LTD,1000.0,5527.82,,115192.61,121720.43,121720.43,511.18,70.11,114435.87,6703.27,121720.43,121720.43,,,2644.63,1000000000.0,,10.0,10394.97,-8909.66,-221.25,1264.05,678.25
2019-03-31 00:00:00,44604.06,,,,38990.24,1237.63,1929.05,972.71,266.49,91.7,7.67,1641.55,314.76,1326.8,200.0,SBI LIFE INSURANCE COMPANY LTD,1000.0,6576.36,,139157.48,146733.84,146733.84,563.37,31.85,139324.71,6813.91,146733.84,146733.84,,,2420.63,1000000000.0,,10.0,13472.86,-13552.41,-241.06,-320.6,583.4
2020-03-31 00:00:00,43797.5,,,,38754.17,1361.92,735.05,1595.65,528.83,89.25,,1790.29,368.11,1422.18,,SBI LIFE INSURANCE COMPANY LTD,1000.03,7743.06,,156836.97,165580.06,165580.06,567.99,13.19,158813.21,6185.67,165580.06,165580.06,,,1423.23,1000026295.0,,10.0,19298.59,-16986.38,-198.48,2113.72,641.0
2021-03-31 00:00:00,81912.78,,,,77364.9,1492.2,531.58,1651.61,866.92,99.4,,1640.01,184.17,1455.85,250.02,SBI LIFE INSURANCE COMPANY LTD,1000.07,9400.37,,216430.0,226830.44,226830.44,893.8,1.49,218426.31,7508.84,226830.44,226830.44,,,2710.52,1000070908.0,,10.0,23877.64,-19203.3,2.65,4676.99,880.85
2012-03-31 00:00:00,2693.19,1093.57,43.34,17.07,25.7,215.74,699.58,106.35,50.69,39.31,1.51,588.39,141.92,446.47,340.0,COLGATE-PALMOLIVE (INDIA) LTD,13.6,421.79,0.05,694.16,1129.6,1129.6,254.42,69.38,47.12,758.68,1129.6,1129.6,87.27,217.68,309.8,135992817.0,,1.0,402.84,-10.24,-398.05,-5.45,559.13
2013-03-31 00:00:00,3163.81,1227.99,-22.2,19.58,98.56,249.81,828.07,59.04,48.17,43.7,,663.03,166.27,496.75,380.8,COLGATE-PALMOLIVE (INDIA) LTD,13.6,475.99,,817.19,1306.78,1306.78,280.66,101.96,47.12,877.04,1306.78,1306.78,81.21,185.3,428.8,135992817.0,,1.0,614.9,-47.25,-427.6,140.05,620.83
2014-03-31 00:00:00,3578.81,1428.79,26.77,22.76,121.29,212.15,1081.1,75.48,114.7,50.75,,727.96,188.09,539.87,367.2,COLGATE-PALMOLIVE (INDIA) LTD,13.6,586.28,,893.61,1493.49,1493.49,555.91,141.51,37.13,758.94,1493.49,1493.49,54.73,225.74,285.38,135992817.0,,1.0,457.38,-180.37,-422.07,-145.06,686.25
2015-03-31 00:00:00,3981.94,1484.07,16.35,32.68,140.01,259.52,1163.0,96.07,32.47,75.02,,780.39,221.41,558.98,326.4,COLGATE-PALMOLIVE (INDIA) LTD,13.6,756.72,,931.57,1701.89,1701.89,781.58,141.18,37.13,742.0,1701.89,1701.89,69.64,252.23,254.45,135992817.0,,1.0,638.15,-271.63,-384.79,-18.27,1007.15
2016-03-31 00:00:00,3868.19,1480.51,4.25,37.84,154.29,263.29,904.71,92.28,7.17,111.41,,835.28,254.11,581.17,272.0,COLGATE-PALMOLIVE (INDIA) LTD,27.2,1003.84,,971.85,2002.89,2002.89,1008.14,78.37,31.16,885.22,2002.89,2002.89,101.54,291.53,288.66,271985634.0,135992817.0,1.0,688.73,-236.61,-391.45,60.67,830.85
2017-03-31 00:00:00,3981.82,1470.75,-5.58,44.04,167.06,289.37,950.47,111.0,41.12,133.24,,851.43,274.0,577.43,272.0,COLGATE-PALMOLIVE (INDIA) LTD,27.2,1246.6,,1036.85,2310.65,2310.65,1108.11,166.59,31.16,1004.79,2310.65,2310.65,129.9,292.55,294.3,271985634.0,,1.0,688.0,-342.1,-340.58,5.32,995.5
2018-03-31 00:00:00,4187.97,1472.05,-16.68,44.16,179.77,306.98,949.76,104.68,25.65,156.51,,983.03,309.66,673.37,652.8,COLGATE-PALMOLIVE (INDIA) LTD,27.2,1497.41,,1039.25,2563.86,2563.86,1145.91,158.58,31.16,1228.21,2563.86,2563.86,201.03,226.71,456.16,271985634.0,,1.0,693.93,-207.34,-379.77,106.83,1056.9
2019-03-31 00:00:00,4462.43,1583.06,24.48,46.45,201.48,296.96,1017.13,105.77,68.16,159.17,2.5,1142.55,366.99,775.57,625.6,COLGATE-PALMOLIVE (INDIA) LTD,27.2,1419.55,83.14,1096.59,2626.48,2626.48,1190.85,198.7,31.15,1205.78,2626.48,2626.48,209.79,248.57,399.35,271985634.0,,1.0,983.0,-95.71,-814.68,72.61,1258.15
2020-03-31 00:00:00,4525.08,1594.44,21.56,45.35,220.48,333.76,1034.09,116.84,49.24,197.94,9.62,1043.36,226.89,816.47,761.6,COLGATE-PALMOLIVE (INDIA) LTD,27.2,1566.96,101.5,908.31,2603.97,2603.97,1122.86,190.03,18.62,1272.46,2603.97,2603.97,132.56,296.92,421.27,271985634.0,,1.0,929.58,-18.66,-891.1,19.82,1252.7
2021-03-31 00:00:00,4841.22,1573.17,23.8,40.96,209.31,367.29,1039.32,124.65,29.66,182.5,7.26,1350.22,314.83,1035.39,1033.6,COLGATE-PALMOLIVE (INDIA) LTD,27.2,1138.66,91.18,1636.97,2894.01,2894.01,1064.72,144.85,18.61,1665.83,2894.01,2894.01,117.08,335.82,867.64,271985634.0,,1.0,783.86,71.35,-956.46,-101.24,1559.35
2012-03-31 00:00:00,5489.7,,,56.4,836.5,2879.6,755.7,43.3,30.3,161.3,102.6,684.6,142.5,1095.5,51.0,TECH MAHINDRA LTD,127.5,3923.4,1126.6,1757.8,6935.3,6935.3,682.5,167.1,3587.6,2498.1,6935.3,6935.3,1317.2,,241.8,127486541.0,,10.0,711.7,-420.3,-317.4,-26.0,180.19
2013-03-31 00:00:00,6873.1,,,70.4,874.5,3672.0,799.1,34.9,-141.0,200.0,103.0,978.2,235.5,1287.8,64.05,TECH MAHINDRA LTD,128.1,5297.2,1380.4,2178.7,8984.4,8984.4,1244.6,34.3,4098.7,3606.8,8984.4,8984.4,1703.6,11.0,535.8,128119023.0,,10.0,854.8,-621.8,65.2,298.2,264.88
2014-03-31 00:00:00,18802.4,,,148.8,2542.8,9735.5,2039.0,163.8,244.3,522.2,79.9,3814.7,752.3,3028.8,467.0,TECH MAHINDRA LTD,233.5,8947.0,363.1,6396.0,15939.6,15939.6,2594.4,266.2,1471.9,11607.1,15939.6,15939.6,4348.6,9.8,3314.9,233472890.0,,10.0,1596.2,290.9,-972.3,914.8,448.84
2015-03-31 00:00:00,22621.3,,,150.9,3855.3,11913.7,2384.2,124.2,105.6,611.4,69.1,3618.1,959.5,2627.7,576.48,TECH MAHINDRA LTD,480.4,11768.2,700.1,6899.4,19848.1,19848.1,4032.9,567.7,2102.8,13144.7,19848.1,19848.1,5205.9,24.5,2404.9,960788912.0,240161580.0,5.0,2447.9,-1865.2,-829.0,-246.3,629.7
2016-03-31 00:00:00,26494.2,,,168.8,5092.9,13947.5,2795.5,229.8,452.9,758.9,97.0,3856.7,830.1,2992.9,1045.2,TECH MAHINDRA LTD,435.5,14154.0,1090.9,6844.3,22524.7,22524.7,4309.3,629.4,1297.1,16288.9,22524.7,22524.7,5770.5,40.3,4018.0,967810069.0,,5.0,3137.0,-1453.2,-496.1,1187.7,474.95
2017-03-31 00:00:00,29140.8,,,187.9,5910.3,15453.9,3053.2,351.1,775.3,978.1,128.6,3853.0,1002.1,2812.9,789.84,TECH MAHINDRA LTD,438.8,15996.5,1366.2,8255.5,26057.0,26057.0,6460.1,372.9,2395.5,16828.5,26057.0,26057.0,5337.7,61.1,3218.6,877539300.0,,5.0,4071.4,-2893.0,-1570.9,-392.5,459.15
2018-03-31 00:00:00,30772.9,,,194.7,5861.6,16624.0,3008.1,374.9,1416.6,1085.0,162.4,4878.8,1092.6,3799.8,1236.76,TECH MAHINDRA LTD,441.7,18398.8,2396.6,9194.3,30431.4,30431.4,7622.4,239.9,4840.7,17728.4,30431.4,30431.4,6497.9,65.9,3044.3,979733808.0,,5.0,3553.5,-3319.3,-269.4,-35.2,638.7
2019-03-31 00:00:00,34742.1,,,199.2,6716.7,17507.9,3422.1,624.8,534.2,1129.2,133.2,5543.2,1254.4,4297.6,1242.36,TECH MAHINDRA LTD,443.7,19838.7,1995.5,11167.9,33445.8,33445.8,7061.2,276.3,7341.9,18766.4,33445.8,33445.8,6958.6,75.2,2358.7,887268630.0,,5.0,4432.0,-2104.2,-2251.2,76.6,775.9
2020-03-31 00:00:00,36867.7,,,205.3,8293.7,18810.0,3400.1,655.5,1192.4,1445.8,191.9,5057.8,1160.4,4033.0,1307.7,TECH MAHINDRA LTD,435.9,21376.5,3670.5,11835.0,37317.9,37317.9,8872.0,50.1,5848.3,22547.5,37317.9,37317.9,7577.2,35.8,3148.3,965852364.0,,5.0,4358.1,1081.4,-4465.5,974.0,565.5
2021-03-31 00:00:00,37855.1,,,140.4,8564.1,19297.3,2316.0,741.0,788.3,1457.7,174.0,5952.9,1599.9,4428.0,3933.0,TECH MAHINDRA LTD,437.0,24422.8,2900.8,11841.3,39601.9,39601.9,9018.5,118.3,10237.6,20227.5,39601.9,39601.9,6472.8,24.2,2835.2,968260067.0,,5.0,8093.8,-5433.2,-2986.9,-326.3,991.45
2012-03-31 00:00:00,1783.69,,,3.97,132.92,119.61,116.33,173.04,51.89,10.38,990.02,289.31,120.32,168.99,33.16,CHOLAMANDALAM INVESTMENT & FINANCE COMPANY LTD,132.62,1271.11,11444.11,648.74,13496.58,13496.58,56.49,,10.17,13429.92,13496.58,13496.58,7.37,,288.27,132619949.0,,10.0,-3573.92,54.72,3602.4,83.2,37.64
2013-03-31 00:00:00,2570.34,,,6.55,178.97,161.21,142.61,198.7,1.47,21.57,1410.0,452.2,144.29,307.91,50.11,CHOLAMANDALAM INVESTMENT & FINANCE COMPANY LTD,143.17,1809.39,15268.6,1007.32,18228.48,18228.48,72.76,,171.95,17983.77,18228.48,18228.48,4.86,,403.68,143238641.0,,10.0,-3753.96,4.63,4066.61,317.28,54.63
2014-03-31 00:00:00,3279.36,,,5.52,0.72,194.49,435.72,295.41,0.99,24.64,1769.37,554.48,186.2,368.28,50.14,CHOLAMANDALAM INVESTMENT & FINANCE COMPANY LTD,143.26,2143.5,18075.19,1182.21,21544.16,21544.16,74.26,,38.98,21430.92,21544.16,21544.16,16.61,,812.84,143200000.0,,10.0,-2446.68,-83.19,2749.31,219.44,57.66
2015-03-31 00:00:00,3714.87,,,7.67,0.79,230.94,348.23,473.1,0.01,30.1,1957.82,666.23,222.09,444.14,50.31,CHOLAMANDALAM INVESTMENT & FINANCE COMPANY LTD,143.73,2529.95,19450.24,1744.04,23867.96,23867.96,68.87,,24.58,23774.51,23867.96,23867.96,11.83,,352.2,143800103.0,,10.0,-2263.73,-40.23,1818.9,-485.05,117.82
2016-03-31 00:00:00,4213.86,,,7.91,1.65,262.98,420.75,573.19,1.76,21.74,2047.95,879.45,304.8,574.68,70.29,CHOLAMANDALAM INVESTMENT & FINANCE COMPANY LTD,156.21,3513.47,22546.47,1673.1,27889.25,27889.25,120.27,,15.95,27753.03,27889.25,27889.25,11.53,,509.46,156276544.0,,10.0,-2809.11,-137.36,3031.15,84.68,144.25
2017-03-31 00:00:00,4693.58,,,9.29,2.37,414.9,436.88,459.03,3.26,39.02,2227.92,1107.43,389.51,719.43,85.99,CHOLAMANDALAM INVESTMENT & FINANCE COMPANY LTD,156.34,4141.39,24070.6,2229.89,30598.22,30598.22,149.77,,182.08,30266.37,30598.22,30598.22,21.84,,493.76,156408433.0,,10.0,-1467.64,-221.86,1691.8,2.3,193.01
2018-03-31 00:00:00,5558.86,,,,2.29,551.3,392.49,504.74,0.31,50.86,2656.68,1400.81,483.12,919.3,101.66,CHOLAMANDALAM INVESTMENT & FINANCE COMPANY LTD,156.4,4969.06,38330.34,710.98,44166.78,44166.78,170.5,3.8,22.72,43969.76,44166.78,44166.78,68.84,,951.85,156462271.0,,10.0,-7926.34,-60.12,8008.65,22.19,290.09
2019-03-31 00:00:00,7108.14,,,,3.19,605.37,319.07,704.37,0.52,56.99,3588.14,1831.53,634.59,1198.06,101.67,CHOLAMANDALAM INVESTMENT & FINANCE COMPANY LTD,156.42,6052.29,50566.74,714.67,57490.12,57490.12,167.31,13.97,41.5,57267.34,57490.12,57490.12,41.28,,3708.46,156490013.0,,10.0,-9317.34,-11.36,12190.59,2861.89,290.48
2020-03-31 00:00:00,8712.38,,,,29.78,701.19,205.44,1484.92,0.12,111.25,4591.7,1588.22,534.08,1053.72,139.38,CHOLAMANDALAM INVESTMENT & FINANCE COMPANY LTD,163.98,8035.78,55005.43,853.19,64058.38,64058.38,283.17,10.6,32.7,63731.91,64058.38,64058.38,30.19,,7000.74,820232259.0,,2.0,-2074.77,-54.05,2451.81,322.99,152.85
2021-03-31 00:00:00,9583.31,,,,36.69,792.94,170.61,1857.26,-0.07,102.3,4575.54,2047.9,526.51,1520.86,164.07,CHOLAMANDALAM INVESTMENT & FINANCE COMPANY LTD,164.07,9435.73,63729.99,1314.37,74644.16,74644.16,227.59,9.91,1583.49,72823.17,74644.16,74644.16,56.6,,5279.77,820689629.0,,2.0,-8841.95,-1572.28,8515.87,-1898.36,558.8
2012-03-31 00:00:00,3549.0,,,,3622.96,260.99,231.43,275.17,498.14,44.58,7.23,-395.22,21.11,-416.33,,ICICI LOMBARD GENERAL INSURANCE COMPANY LTD,436.58,1021.48,,9067.1,10525.16,10525.16,392.87,6.73,6033.62,4091.94,10525.16,10525.16,,,425.74,436583913.0,,10.0,1027.54,-1205.33,3.52,-174.27,
2013-03-31 00:00:00,4012.3,,,,3373.38,302.69,451.28,63.19,586.3,48.79,7.9,351.37,-1.41,352.78,,ICICI LOMBARD GENERAL INSURANCE COMPANY LTD,437.02,1332.25,,10867.51,12636.78,12636.78,390.34,10.09,7799.96,4436.39,12636.78,12636.78,,,269.62,437015239.0,,10.0,984.18,-962.47,102.17,123.88,
2014-03-31 00:00:00,4352.25,,,,3654.72,319.35,579.77,23.81,817.25,49.69,8.72,533.44,13.37,520.07,,ICICI LOMBARD GENERAL INSURANCE COMPANY LTD,445.06,1948.26,,12350.4,14743.72,14743.72,372.95,16.54,9289.99,5064.24,14743.72,14743.72,,,161.97,445055516.0,,10.0,594.87,-706.37,3.85,-107.65,
2015-03-31 00:00:00,4234.05,,,,3477.36,331.38,617.88,28.88,992.33,53.66,12.49,704.73,119.41,585.32,89.32,ICICI LOMBARD GENERAL INSURANCE COMPANY LTD,446.59,2438.67,,11760.45,14645.71,14645.71,381.0,8.66,10199.72,4056.33,14645.71,14645.71,,,141.69,446594032.0,,10.0,-97.88,171.08,-93.48,-20.28,
2016-03-31 00:00:00,6033.01,,,,3600.24,368.37,1249.86,50.68,0.36,56.53,,707.69,200.25,507.45,134.26,ICICI LOMBARD GENERAL INSURANCE COMPANY LTD,447.54,2788.62,,12439.65,15675.81,15675.81,509.78,10.11,11425.77,3730.15,15675.81,15675.81,,,194.8,447538446.0,,10.0,511.45,-309.85,-148.49,53.11,
2017-03-31 00:00:00,7520.44,,,,4520.2,457.27,1466.77,156.96,-2.23,6.91,,910.1,208.22,701.88,157.9,ICICI LOMBARD GENERAL INSURANCE COMPANY LTD,451.15,3448.68,485.0,18966.04,23350.87,23350.87,516.26,11.11,14805.75,8017.75,23350.87,23350.87,,,194.04,451150686.0,,10.0,1627.79,-1989.89,361.34,-0.77,
2018-03-31 00:00:00,6911.73,,,,5374.36,505.61,1195.09,98.7,1568.6,50.94,59.4,1196.23,334.46,861.78,147.53,ICICI LOMBARD GENERAL INSURANCE COMPANY LTD,453.95,4087.21,485.0,24723.49,29749.65,29749.65,367.55,38.44,18192.67,11150.99,29749.65,29749.65,,,591.82,453948304.0,,10.0,2389.84,-1895.69,-96.37,397.78,793.85
2019-03-31 00:00:00,11163.33,,,,7499.52,590.87,1351.59,51.86,-1.57,,69.5,1598.42,549.15,1049.26,272.59,ICICI LOMBARD GENERAL INSURANCE COMPANY LTD,454.31,4946.05,485.0,27517.26,33402.62,33402.62,1964.53,17.17,20714.35,10706.57,33402.62,33402.62,8931.11,,401.65,454309944.0,,10.0,2976.33,-2856.4,-310.1,-190.17,1033.3
2020-03-31 00:00:00,11517.2,,,,7215.57,696.06,1430.39,402.84,14.58,90.03,,1696.89,503.13,1193.76,159.06,ICICI LOMBARD GENERAL INSURANCE COMPANY LTD,454.47,5679.57,485.0,30423.05,37042.09,37042.09,664.23,12.36,26326.73,10038.77,37042.09,37042.09,,,32.64,454466264.0,,10.0,3432.84,-3382.05,-419.81,-369.01,1081.65
2021-03-31 00:00:00,12666.0,,,,7471.75,751.49,1813.01,558.06,12.22,129.96,,1953.95,480.9,1473.05,363.67,ICICI LOMBARD GENERAL INSURANCE COMPANY LTD,454.59,6980.55,485.0,31377.68,39297.82,39297.82,613.11,13.73,30892.18,7778.8,39297.82,39297.82,,,227.65,454594504.0,,10.0,1773.57,-1366.97,-211.59,195.01,1433.2
2012-03-31 00:00:00,5914.18,3752.2,109.25,33.11,115.85,1093.12,166.54,228.07,598.46,125.57,4.58,1102.85,255.52,846.74,166.4,BHARAT ELECTRONICS LTD,80.0,5821.95,0.55,9138.05,15040.55,15040.55,529.94,146.99,,14363.62,15040.55,15040.55,2716.74,2733.69,6820.36,80000000.0,,10.0,178.89,-953.46,-239.48,-1014.05,46.21
2013-03-31 00:00:00,6272.73,4189.61,298.2,36.97,168.12,1124.7,177.83,204.94,621.84,136.49,6.66,1147.45,236.26,910.78,178.4,BHARAT ELECTRONICS LTD,80.0,6407.47,0.58,8366.59,14854.64,14854.64,600.19,328.0,,13926.45,14854.64,14854.64,3363.56,3259.02,5330.51,80000000.0,,10.0,-1539.39,1753.18,-157.65,56.14,35.01
2014-03-31 00:00:00,6517.86,3683.15,-73.91,42.02,172.74,1046.12,199.64,375.6,437.92,149.87,6.81,1205.92,254.24,951.31,186.4,BHARAT ELECTRONICS LTD,80.0,7140.26,0.44,7759.78,14980.48,14980.48,694.73,458.23,,13827.52,14980.48,14980.48,4155.88,3344.52,4604.53,80000000.0,,10.0,-569.02,759.36,-213.35,-23.01,34.79
2015-03-31 00:00:00,7092.63,3866.79,-27.36,44.61,191.03,1281.0,197.07,305.38,507.47,166.15,7.44,1513.27,316.21,1197.21,233.6,BHARAT ELECTRONICS LTD,80.0,8036.84,25.27,7587.23,15729.34,15729.34,1073.01,140.33,0.05,14515.95,15729.34,15729.34,3805.32,3427.95,6037.92,80000000.0,,10.0,1433.74,-839.15,-209.02,385.56,101.53
2016-03-31 00:00:00,7353.77,4019.3,232.71,45.85,153.07,1267.21,196.28,511.74,572.64,191.96,9.74,1763.97,427.22,1337.39,408.0,BHARAT ELECTRONICS LTD,240.0,9006.16,28.39,9330.39,18604.94,18604.94,1231.84,429.79,462.46,16480.85,18604.94,18604.94,3721.91,4157.65,7216.11,240000000.0,160000000.0,10.0,2260.06,-1470.34,-317.7,472.02,111.3
2017-03-31 00:00:00,8656.39,4800.41,420.06,37.99,129.58,1559.87,214.95,541.69,420.11,211.63,17.87,1982.57,485.54,1523.58,502.56,BHARAT ELECTRONICS LTD,223.36,7512.41,63.58,9800.29,17599.64,17599.64,1501.1,742.81,490.96,14864.77,17599.64,17599.64,4368.26,4885.03,3827.19,2233627930.0,,1.0,-60.94,3114.65,-2856.8,196.91,142.5
2018-03-31 00:00:00,10400.8,5070.74,-410.89,37.78,154.44,1788.07,253.59,645.91,195.73,271.72,6.36,1957.03,549.78,1431.72,487.32,BHARAT ELECTRONICS LTD,243.66,7772.02,80.36,10868.48,18964.52,18964.52,1839.05,940.05,937.34,15248.08,18964.52,18964.52,5014.3,4583.37,841.07,2436592943.0,223362793.0,1.0,-686.59,-6.41,-1202.38,-1895.38,141.45
2019-03-31 00:00:00,12164.17,6037.64,130.68,43.88,144.1,1895.63,290.54,973.65,72.99,338.13,15.93,2628.34,780.31,1886.4,828.44,BHARAT ELECTRONICS LTD,243.66,8967.84,33.63,11575.45,20820.58,20820.58,2297.6,849.03,964.42,16709.53,20820.58,20820.58,5373.67,4443.35,971.87,2436592943.0,,1.0,1513.88,-895.94,-662.67,-44.73,93.25
2020-03-31 00:00:00,12967.67,6820.23,-249.31,41.6,140.17,2075.09,263.08,619.67,99.4,371.86,7.66,2478.4,685.77,1823.85,682.25,BHARAT ELECTRONICS LTD,243.66,9827.87,8.33,14270.66,24350.52,24350.52,2712.59,827.98,1110.32,19699.63,24350.52,24350.52,6724.02,3960.51,1660.5,2436592943.0,,1.0,2570.41,-648.96,-1060.52,860.93,74.45
2021-03-31 00:00:00,14108.69,7911.37,124.69,38.12,168.78,1956.16,326.69,618.51,124.96,387.32,9.61,2941.78,872.44,2098.94,974.64,BHARAT ELECTRONICS LTD,243.66,10815.92,,18434.29,29493.87,29493.87,2652.14,882.68,1305.94,24653.11,29493.87,29493.87,6561.99,4970.28,5073.76,2436592943.0,,1.0,5093.22,-2595.22,-1075.73,1422.27,125.1
2012-03-31 00:00:00,5263.3,1885.9,185.7,103.5,328.1,782.3,1033.4,229.6,48.6,157.9,182.7,794.2,113.0,652.6,153.6,CADILA HEALTHCARE LTD,102.4,2483.5,2289.3,1547.8,6423.0,6423.0,2857.1,483.9,24.2,3057.8,6423.0,6423.0,920.9,1090.5,466.6,204748520.0,,5.0,511.1,-1199.5,859.8,171.4,151.7
2013-03-31 00:00:00,6357.7,2409.9,89.7,135.9,319.5,929.9,1237.5,284.6,32.0,184.7,168.7,808.7,118.8,653.5,153.6,CADILA HEALTHCARE LTD,102.4,2842.1,2917.8,1511.9,7374.2,7374.2,3025.6,735.6,114.5,3498.5,7374.2,7374.2,955.1,1213.6,583.8,204748520.0,,5.0,603.4,-682.3,285.8,206.9,148.55
2014-03-31 00:00:00,7224.0,2783.1,69.5,138.9,342.7,1095.9,1374.4,355.2,30.3,201.2,90.2,942.2,106.0,803.6,184.32,CADILA HEALTHCARE LTD,102.4,3336.6,2700.4,1847.1,7986.5,7986.5,3123.8,891.5,86.6,3884.6,7986.5,7986.5,1133.7,1367.5,548.8,204748520.0,,5.0,902.8,-438.0,-528.7,-63.9,204.99
2015-03-31 00:00:00,8651.3,3293.7,97.1,159.2,368.3,1238.7,1493.2,439.6,45.0,287.3,67.9,1445.5,259.4,1150.6,245.76,CADILA HEALTHCARE LTD,102.4,4149.2,2651.3,2144.2,9047.1,9047.1,3352.2,797.9,154.4,4742.6,9047.1,9047.1,1588.4,1535.7,669.9,204748520.0,,5.0,993.6,-464.7,-351.1,177.8,348.36
2016-03-31 00:00:00,9426.8,3107.0,11.1,168.8,303.0,1302.8,1785.0,439.8,112.1,292.1,52.8,2098.7,177.4,1933.9,327.68,CADILA HEALTHCARE LTD,102.4,5596.8,2442.0,2208.5,10349.7,10349.7,3747.9,950.8,416.2,5234.8,10349.7,10349.7,1746.6,1337.1,638.7,1023742600.0,,1.0,1893.5,-859.6,-934.8,99.1,316.9
2017-03-31 00:00:00,9376.5,3557.7,138.8,174.5,339.7,1523.4,1610.4,407.1,127.3,373.3,44.6,1611.9,128.9,1487.7,327.68,CADILA HEALTHCARE LTD,102.4,6857.6,5207.2,2937.1,15104.3,15104.3,5755.1,1543.3,434.8,7371.1,15104.3,15104.3,2277.5,1803.7,1543.5,1023742600.0,,1.0,1311.7,-2871.9,2315.8,755.6,442.0
2018-03-31 00:00:00,11904.9,4437.4,315.4,226.3,410.3,1862.1,1937.1,516.1,110.9,538.8,91.1,2312.0,564.4,1775.8,358.4,CADILA HEALTHCARE LTD,102.4,8642.1,5406.7,3632.0,17783.2,17783.2,6482.6,1527.2,745.7,9027.7,17783.2,17783.2,3206.3,2385.3,1314.9,1023742600.0,,1.0,919.3,-973.7,51.5,-2.9,377.85
2019-03-31 00:00:00,13165.6,4826.1,109.7,247.2,505.4,2130.7,1963.7,611.0,183.0,598.6,193.5,2382.1,530.3,1848.8,358.4,CADILA HEALTHCARE LTD,102.4,10283.9,7899.4,4945.1,23230.8,23230.8,12163.7,837.2,673.5,9556.4,23230.8,23230.8,3950.8,2688.0,548.9,1023742600.0,,1.0,1281.9,-3977.4,1884.6,-810.9,347.05
2020-03-31 00:00:00,14253.1,5013.8,93.8,268.8,526.5,2399.1,2381.5,959.1,-264.4,696.5,341.8,1495.4,319.8,1176.6,358.4,CADILA HEALTHCARE LTD,102.4,10273.3,7986.4,5114.6,23476.7,23476.7,12230.5,741.5,765.0,9739.7,23476.7,23476.7,3663.2,2789.0,964.9,1023742600.0,,1.0,2931.5,-1004.4,-1528.2,398.9,267.25
2021-03-31 00:00:00,15102.2,5359.3,149.2,249.8,543.6,2493.7,2291.5,969.0,-171.4,724.8,163.5,2284.8,147.2,2133.6,358.4,CADILA HEALTHCARE LTD,102.4,12889.9,4583.5,6189.2,23765.0,23765.0,12132.8,783.2,830.1,10018.9,23765.0,23765.0,3127.3,3236.2,888.3,1023742600.0,,1.0,3293.0,-834.6,-2548.9,-90.5,440.9
2012-03-31 00:00:00,37187.8,5775.3,-11.8,289.0,3988.5,15407.4,2840.3,1843.3,1268.5,975.4,343.9,6981.4,1384.5,5604.5,1474.5,WIPRO LTD,491.5,26525.8,5895.8,10317.5,43230.6,43230.6,12435.5,346.6,4471.5,25977.0,43230.6,43230.6,8038.7,1066.2,7766.6,2457141557.0,,2.0,4008.9,-637.6,-1718.8,1652.5,165.5
2013-03-31 00:00:00,37430.0,3101.7,18.3,273.0,4232.3,17994.0,3017.1,1172.8,1440.5,939.7,289.4,7868.8,1686.5,6150.1,1723.4,WIPRO LTD,492.4,26072.2,6381.3,10675.2,43621.1,43621.1,9996.3,406.6,6764.6,26453.6,43621.1,43621.1,7669.8,326.3,8483.8,2461320059.0,,2.0,6394.1,-4536.5,-1140.4,717.2,164.39
2014-03-31 00:00:00,43423.8,2974.2,-5.5,293.5,5143.1,20681.5,3380.4,1310.3,1921.9,1059.5,383.4,10114.3,2123.4,7947.1,1972.0,WIPRO LTD,493.0,31635.7,5159.2,12245.0,49532.9,49532.9,10649.1,369.1,6146.4,32368.3,49532.9,49532.9,8546.7,229.3,11420.1,2464506890.0,,2.0,6790.0,-284.2,-3569.5,2936.3,203.7
2015-03-31 00:00:00,46951.0,3440.7,258.8,293.2,5518.7,22511.5,3974.0,1172.5,2449.7,1174.9,349.9,11224.1,2510.1,8660.9,2962.2,WIPRO LTD,493.7,36598.3,7891.2,13366.7,58349.9,58349.9,10837.1,395.1,5532.1,41585.6,58349.9,58349.9,9154.8,484.9,16619.0,2469043038.0,,2.0,7840.4,-2536.8,-829.7,4473.9,235.82
2016-03-31 00:00:00,51244.0,3055.4,60.5,,,24553.4,10517.7,2382.2,2752.2,1496.1,558.2,11493.7,2536.6,8907.9,1482.3,WIPRO LTD,494.1,45650.7,12522.1,12923.5,71590.4,71590.4,17279.1,380.6,20915.1,33015.6,71590.4,71590.4,9961.4,539.0,9904.9,2470713290.0,,2.0,7887.3,-13760.7,-158.7,-6032.1,211.6
2017-03-31 00:00:00,55448.4,2556.0,-141.1,,,26808.1,13775.7,846.6,2622.6,2310.0,594.2,11039.3,2521.4,8493.1,486.1,WIPRO LTD,486.1,51184.1,14241.2,12760.8,78672.2,78672.2,19886.5,737.7,29913.3,28134.7,78672.2,78672.2,9484.6,391.5,5271.0,2430900565.0,,2.0,9277.3,-11769.5,-2275.2,-4767.4,193.39
2018-03-31 00:00:00,54487.1,1843.4,-50.5,,,27222.3,13853.3,1130.5,2549.8,2111.7,583.0,10242.2,2239.1,8002.8,452.4,WIPRO LTD,904.8,47021.5,13901.2,13563.3,75390.8,75390.8,18126.7,1377.7,25796.8,30089.6,75390.8,75390.8,10099.0,337.0,4492.5,4523784491.0,2433074327.0,2.0,8423.3,3595.3,-12997.8,-979.2,210.86
2019-03-31 00:00:00,59018.9,1407.3,67.3,,,29977.4,14796.3,1292.6,2613.8,1946.7,737.5,11542.2,2524.3,9003.7,603.4,WIPRO LTD,1206.8,55215.8,9946.7,16217.1,82586.4,82586.4,17464.7,2141.8,22886.7,40093.2,82586.4,82586.4,10048.9,395.1,15852.9,6033935388.0,1508469180.0,2.0,11631.6,5065.2,-4936.9,11759.9,254.8
2020-03-31 00:00:00,61137.6,936.0,-202.2,,,32657.1,14350.4,649.6,2727.9,2085.5,732.8,12251.9,2480.1,9722.3,571.35,WIPRO LTD,1142.7,54179.0,9724.0,15953.9,80999.6,80999.6,22062.1,1881.1,20032.0,37024.4,80999.6,80999.6,10447.4,186.5,14449.9,5713357390.0,,2.0,10064.3,3593.4,-15099.8,-1442.1,196.7
2021-03-31 00:00:00,61934.9,695.7,-31.5,,,33237.1,12523.8,675.4,2403.7,2763.4,508.8,13902.9,3034.9,10796.4,547.9,WIPRO LTD,1095.8,53805.2,10451.4,17213.4,82565.8,82565.8,23040.3,1853.2,18774.7,38897.6,82565.8,82565.8,9429.8,106.4,16979.3,5479138555.0,,2.0,14755.0,684.9,-12884.0,2555.9,414.15
2012-03-31 00:00:00,3126.57,1774.06,33.74,34.13,219.26,326.55,230.97,90.1,41.88,63.73,30.72,432.67,110.03,324.37,96.46,PIDILITE INDUSTRIES LTD,50.77,1269.81,321.27,722.46,2364.31,2364.31,617.66,393.82,98.29,1254.54,2364.31,2364.31,395.19,454.13,273.19,507648626.0,,1.0,367.02,-238.58,-135.02,-6.58,176.9
2013-03-31 00:00:00,3678.11,2059.93,44.75,42.32,252.82,374.93,300.84,133.89,107.28,68.58,15.51,581.32,159.52,423.98,133.28,PIDILITE INDUSTRIES LTD,51.26,1600.27,111.23,853.23,2615.99,2615.99,645.78,428.02,294.06,1248.13,2615.99,2615.99,430.49,523.57,150.62,512642330.0,,1.0,471.71,-144.47,-339.45,-12.21,263.8
2014-03-31 00:00:00,4283.21,2419.91,58.6,46.42,271.85,448.84,360.5,122.52,38.05,81.16,16.33,612.33,165.28,449.81,138.4,PIDILITE INDUSTRIES LTD,51.26,1901.36,45.93,929.81,2928.36,2928.36,729.13,458.05,260.29,1480.89,2928.36,2928.36,524.4,599.68,177.17,512642330.0,,1.0,393.84,-98.66,-241.51,53.67,307.05
2015-03-31 00:00:00,4844.1,2680.8,12.24,54.38,323.75,502.47,399.78,123.99,40.16,117.76,15.64,677.93,169.41,512.57,148.68,PIDILITE INDUSTRIES LTD,51.27,2219.31,58.42,985.76,3314.76,3314.76,978.49,461.82,369.9,1504.55,3314.76,3314.76,586.11,641.04,76.0,512662830.0,,1.0,552.0,-435.9,-165.13,-49.02,599.85
2016-03-31 00:00:00,5361.17,2561.41,-23.27,48.97,345.8,572.46,434.86,200.92,81.03,100.47,13.27,1140.77,333.54,802.83,212.77,PIDILITE INDUSTRIES LTD,51.27,2586.72,80.02,995.87,3713.88,3713.88,1137.46,158.07,705.54,1712.81,3713.88,3713.88,701.59,627.43,131.76,512675330.0,,1.0,907.47,-491.14,-371.06,45.27,589.3
2017-03-31 00:00:00,5616.79,2670.29,30.73,53.21,56.83,645.62,736.4,223.28,115.45,115.14,13.93,1248.27,385.05,859.99,243.53,PIDILITE INDUSTRIES LTD,51.27,3419.64,97.51,1202.01,4770.43,4770.43,1275.25,147.71,1443.1,1904.37,4770.43,4770.43,768.54,720.86,99.94,512682730.0,,1.0,793.75,-878.97,40.66,-44.56,699.15
2018-03-31 00:00:00,6078.41,2883.88,-3.77,59.16,109.42,712.88,766.29,201.79,153.0,119.88,15.54,1358.8,392.71,962.35,304.68,PIDILITE INDUSTRIES LTD,50.78,3523.26,124.57,1499.99,5198.6,5198.6,1342.19,227.73,1245.94,2382.74,5198.6,5198.6,938.13,804.33,163.58,507810330.0,,1.0,796.43,39.26,-789.75,45.94,917.8
2019-03-31 00:00:00,7077.96,3661.79,75.21,66.43,122.97,837.13,845.9,248.31,129.79,132.74,26.07,1341.62,413.23,924.91,330.2,PIDILITE INDUSTRIES LTD,50.8,4097.29,112.74,1642.96,5903.79,5903.79,1447.61,242.13,1547.7,2666.35,5903.79,5903.79,1056.01,934.45,190.43,507978280.0,,1.0,844.78,-513.14,-360.56,-28.92,1246.25
2020-03-31 00:00:00,7294.47,3381.28,-21.22,67.19,153.27,927.66,905.14,262.69,97.27,169.92,33.6,1469.77,347.72,1116.42,355.67,PIDILITE INDUSTRIES LTD,50.81,4404.8,287.69,1779.4,6522.7,6522.7,1806.71,259.33,1186.19,3270.47,6522.7,6522.7,1088.5,929.47,703.25,508123780.0,,1.0,1279.55,102.94,-849.21,533.28,1356.4
2021-03-31 00:00:00,7292.71,3494.99,118.32,68.66,164.45,981.91,757.02,257.65,74.03,200.66,37.23,1522.49,396.36,1131.21,431.97,PIDILITE INDUSTRIES LTD,50.82,5542.14,331.0,2889.87,8813.83,8813.83,4417.92,293.87,515.97,3586.07,8813.83,8813.83,1321.02,1234.15,451.46,508153380.0,,1.0,1392.13,-1687.89,-76.24,-372.0,1809.4
2012-03-31 00:00:00,9575.58,,,54.67,4074.98,589.24,660.88,554.98,835.84,688.83,2246.48,1541.36,372.68,1200.82,339.68,DLF LTD,339.68,25097.04,25065.79,12886.93,63389.44,63389.44,20338.83,8992.81,1126.76,32931.04,63389.44,63389.44,1765.91,16175.57,1506.23,1698385719.0,,2.0,2519.75,-23.65,-2438.16,57.94,201.75
2013-03-31 00:00:00,7772.84,,,80.78,3453.53,567.38,654.25,383.73,1278.81,796.24,2314.04,801.7,138.41,711.92,339.74,DLF LTD,339.74,25388.75,24801.3,14116.78,64646.57,64646.57,19848.59,7834.32,1333.71,35629.95,64646.57,64646.57,1653.25,17665.33,1844.14,1698719077.0,,2.0,2008.83,1994.57,-3951.39,52.01,234.7
2014-03-31 00:00:00,8298.04,,,92.42,3985.42,562.65,682.45,481.87,1133.17,662.93,2463.25,500.22,-82.38,646.21,356.29,DLF LTD,356.29,27038.58,22334.07,14795.99,64524.93,64524.93,18834.63,5978.69,891.23,38820.38,64524.93,64524.93,1561.23,18511.2,2442.03,1781451307.0,,2.0,1467.56,3924.36,-4531.79,860.13,176.45
2015-03-31 00:00:00,7648.73,,,81.09,3367.47,351.72,520.78,314.0,503.46,544.79,2303.86,668.48,158.12,540.23,356.39,DLF LTD,356.39,27012.51,24494.94,14398.49,66262.33,66262.33,19618.76,5900.9,623.41,40119.26,66262.33,66262.33,1586.4,17610.47,2747.65,1781927367.0,,2.0,2036.82,98.36,-1547.42,587.76,158.25
2016-03-31 00:00:00,9925.61,,,170.61,4619.5,319.88,602.55,246.99,505.87,765.89,2679.8,1026.26,564.24,306.2,356.74,DLF LTD,356.74,23712.34,25263.77,12396.48,61729.33,61729.33,3943.18,1779.06,21309.72,34697.37,61729.33,61729.33,3416.93,16834.24,3381.32,1783716082.0,,2.0,2956.87,-818.01,-1928.53,210.33,114.75
2017-03-31 00:00:00,8221.23,,,51.68,3536.5,333.65,563.25,289.78,1135.47,572.49,2979.82,1029.53,229.26,714.8,356.8,DLF LTD,356.8,24216.03,29202.23,10179.22,63954.28,63954.28,24640.21,152.76,1209.27,37952.04,63954.28,63954.28,1417.36,20098.8,4098.93,1784003090.0,,2.0,-897.85,871.6,787.08,760.82,148.65
2018-03-31 00:00:00,6706.79,,,33.27,3240.78,348.88,470.87,234.85,9721.56,533.53,2950.71,8615.46,4323.05,4463.86,356.81,DLF LTD,356.81,34203.53,17490.8,8533.39,60584.53,60584.53,8082.28,137.33,20831.55,31533.37,60584.53,60584.53,1285.79,19752.92,2277.93,1784067028.0,,2.0,270.32,-2102.44,-231.99,-2064.12,201.25
2019-03-31 00:00:00,8366.09,,,41.38,5086.0,352.62,436.9,300.99,783.95,224.63,2061.87,645.65,277.38,1319.2,441.44,DLF LTD,441.44,32385.0,17222.46,16433.82,66482.72,66482.72,6321.67,102.92,21004.67,39053.46,66482.72,66482.72,832.28,22008.55,4855.37,2207221948.0,,2.0,2043.0,2.98,875.42,2921.39,202.45
2020-03-31 00:00:00,6082.77,,,40.67,3503.64,357.7,440.39,594.66,1135.0,200.3,1426.94,653.47,2132.67,-583.2,495.06,DLF LTD,495.06,33951.68,8102.51,13341.2,55890.45,55890.45,5186.87,88.7,18565.82,32049.06,55890.45,55890.45,720.39,22486.24,2420.43,2475311706.0,,2.0,355.68,6508.1,-9521.75,-2657.97,137.45
2021-03-31 00:00:00,5414.06,,,28.86,2967.47,314.59,375.1,258.78,383.15,159.48,853.36,839.57,362.28,1093.6,495.06,DLF LTD,495.06,34848.87,6563.21,11580.51,53487.65,53487.65,4856.26,94.94,19745.52,28790.93,53487.65,53487.65,581.29,21086.64,1406.87,2475311706.0,,2.0,1460.18,150.47,-2183.79,-573.13,287.05
2012-03-31 00:00:00,8470.42,,,,147.96,1601.93,1206.91,2694.3,4543.4,164.33,4541.96,2656.43,805.9,1832.24,44.44,KOTAK MAHINDRA BANK LTD,370.34,12530.7,65655.41,13766.21,92322.66,92322.66,615.29,,31658.43,60048.94,92322.66,92322.66,,,3575.83,740689510.0,,5.0,-1191.5,-5456.27,7229.35,581.58,272.68
2013-03-31 00:00:00,10837.87,,,,174.59,1773.96,1317.81,3336.39,5112.41,179.03,6024.49,3144.01,939.8,2188.46,52.26,KOTAK MAHINDRA BANK LTD,373.3,14876.49,85561.1,15023.78,115834.67,115834.67,619.9,,40907.24,74307.53,115834.67,115834.67,,,4518.25,746609026.0,,5.0,2878.45,-9035.39,7099.36,942.42,326.5
2014-03-31 00:00:00,11985.9,,,,202.76,1915.81,3317.99,1616.43,5282.39,207.86,6312.12,3695.32,1183.78,2464.99,61.63,KOTAK MAHINDRA BANK LTD,385.16,18690.85,85936.89,17184.37,122197.27,122197.27,1264.09,,38791.05,82142.13,122197.27,122197.27,,,6643.11,770311001.0,,5.0,9068.04,-1129.57,-5813.61,2124.86,390.53
2015-03-31 00:00:00,13318.89,,,,253.21,2376.39,3643.65,3445.08,8152.2,236.89,6966.1,4549.77,1484.69,3045.45,69.51,KOTAK MAHINDRA BANK LTD,386.18,21767.14,104258.34,22052.09,148463.75,148463.75,1384.97,,45588.89,101489.89,148463.75,148463.75,,,6903.44,772352664.0,,5.0,2301.72,-4467.08,2425.69,260.33,656.63
2016-03-31 00:00:00,20401.64,,,,365.52,3856.02,2459.24,4860.57,7630.73,344.51,11122.97,5023.54,1592.42,3458.85,91.72,KOTAK MAHINDRA BANK LTD,917.19,32443.45,179678.55,27764.39,240803.58,240803.58,1761.02,,70273.9,168768.66,240803.58,240803.58,,,11599.41,1834382158.0,912841920.0,5.0,5024.58,-2353.03,2024.41,4695.97,680.65
2017-03-31 00:00:00,22324.21,,,,425.53,3985.5,2639.15,7781.93,11659.56,362.21,11457.51,7331.94,2382.85,4940.43,110.45,KOTAK MAHINDRA BANK LTD,920.45,37570.39,205229.91,32466.81,276187.56,276187.56,1758.62,,68461.54,205967.4,276187.56,276187.56,,,25588.55,1840897877.0,,5.0,13222.5,-5288.62,6055.26,13989.14,872.2
2018-03-31 00:00:00,25131.08,,,,484.15,4384.41,3281.15,8655.09,13682.23,383.43,12466.85,9158.23,3011.09,6200.97,133.39,KOTAK MAHINDRA BANK LTD,952.82,49533.24,249839.77,37394.64,337720.47,337720.47,2542.89,,90976.6,244200.98,337720.47,337720.47,,,24400.63,1905648506.0,,5.0,-10392.41,-5474.91,14679.4,-1187.92,1047.8
2019-03-31 00:00:00,29831.22,,,,511.17,4855.11,6746.62,7645.46,16147.89,458.42,15186.61,10575.72,3456.02,7204.13,152.7,KOTAK MAHINDRA BANK LTD,954.38,56825.35,291263.2,46128.32,395171.25,395171.25,2697.46,,103487.02,288986.77,395171.25,395171.25,,,31264.46,1908754827.0,,5.0,1822.38,-3323.15,8364.59,6863.83,1334.5
2020-03-31 00:00:00,33474.16,,,,581.02,5760.57,3804.82,12431.96,16891.58,464.89,15900.68,11421.8,2814.72,8593.36,,KOTAK MAHINDRA BANK LTD,956.52,65677.6,325976.93,50561.67,443172.72,443172.72,2674.72,,111196.91,329301.09,443172.72,443172.72,,,64079.85,1913038338.0,,5.0,46618.83,-13068.45,-735.0,32815.39,1296.05
2021-03-31 00:00:00,32819.83,,,,649.54,5861.13,3439.5,20268.66,23994.94,461.05,12966.55,13168.34,3265.44,9990.2,178.37,KOTAK MAHINDRA BANK LTD,990.92,83345.53,326610.31,67925.93,478872.69,478872.69,2553.92,,156945.55,319373.22,478872.69,478872.69,,,47716.62,1981835668.0,,5.0,4881.13,-11172.31,-10072.05,-16363.23,1753.0
2009-09-30 00:00:00,9286.46,2976.81,106.49,36.16,3834.04,945.67,497.37,276.78,454.26,173.27,18.79,1088.32,395.99,704.61,168.58,SIEMENS LTD,67.43,2713.86,0.64,5488.79,8270.72,8270.72,926.83,161.64,0.01,7182.24,8270.72,8270.72,3613.42,1055.48,1474.59,337160200.0,,2.0,522.92,-200.34,-170.18,152.4,557.15
2010-09-30 00:00:00,9620.08,6821.43,153.56,37.1,453.66,706.61,388.74,186.85,216.15,168.71,20.06,1206.63,450.07,757.77,168.58,SIEMENS LTD,67.43,3212.29,0.25,6038.27,9318.24,9318.24,984.97,255.15,,8078.12,9318.24,9318.24,3410.4,719.95,1879.5,337160200.0,,2.0,1008.99,-1189.87,-201.2,-382.08,823.45
2011-09-30 00:00:00,11954.67,8852.02,82.37,40.59,414.18,919.07,510.08,129.97,299.04,153.99,26.44,1289.74,421.99,867.75,204.18,SIEMENS LTD,68.06,3748.13,,6341.49,10157.68,10157.68,1169.41,248.9,,8739.37,10157.68,10157.68,4173.34,807.83,1275.04,340294900.0,,2.0,2.63,263.72,-196.31,70.04,837.75
2014-09-30 00:00:00,10678.3,5028.3,148.7,51.8,2761.0,1413.7,740.9,712.2,984.9,229.1,31.3,843.6,240.4,603.2,213.6,SIEMENS LTD,71.2,4304.4,,5914.7,10290.3,10290.3,1355.6,40.9,8.2,8885.6,10290.3,10290.3,3687.4,1047.2,1121.0,356119890.0,,2.0,607.8,129.8,-220.4,517.2,827.15
2015-09-30 00:00:00,10563.1,4919.1,-106.2,51.5,2157.9,1394.1,728.5,207.4,942.8,223.5,30.2,1687.5,513.1,1174.4,356.0,SIEMENS LTD,71.2,5046.5,25.2,5433.3,10576.2,10576.2,1393.6,32.1,113.6,9036.9,10576.2,10576.2,3042.4,954.6,2096.4,356120260.0,,2.0,574.4,645.5,-244.8,975.1,1325.95
2016-09-30 00:00:00,10836.6,5511.7,161.6,50.6,1945.5,1425.1,822.4,221.7,3155.7,227.6,11.1,3938.2,1024.5,2913.7,1192.6,SIEMENS LTD,71.2,6732.5,25.2,5157.4,11986.3,11986.3,1227.1,79.1,109.7,10570.4,11986.3,11986.3,3028.5,1010.8,3510.3,356120255.0,,2.0,512.8,237.4,-1614.3,-864.1,1240.3
2017-09-30 00:00:00,11064.7,5256.4,-82.3,50.5,2193.9,1404.2,832.3,188.8,818.4,197.8,7.9,1669.0,532.3,1136.7,249.2,SIEMENS LTD,71.2,7619.4,,5447.6,13138.2,13138.2,1365.0,143.0,,11630.2,13138.2,13138.2,3430.4,1021.4,4074.8,356120255.0,,2.0,573.4,1321.4,-285.2,1609.6,1188.85
2018-09-30 00:00:00,12795.3,5799.4,92.2,53.9,3038.8,1459.2,909.3,299.6,280.1,197.7,8.2,1401.5,500.3,901.2,249.2,SIEMENS LTD,71.2,8227.7,,6037.4,14336.3,14336.3,1381.2,62.5,,12892.6,14336.3,14336.3,3671.1,1150.4,3691.6,356120255.0,,2.0,99.8,-173.8,-305.3,-379.3,945.15
2019-09-30 00:00:00,13767.2,6151.6,4.2,52.0,3365.1,1613.3,978.6,120.5,399.0,218.2,11.7,1659.4,560.0,1099.4,249.2,SIEMENS LTD,71.2,8978.2,,6308.9,15358.3,15358.3,1219.2,58.3,,14080.8,15358.3,15358.3,3815.6,1119.7,5001.9,356120255.0,,2.0,1291.7,-1153.9,-311.6,-173.8,1516.05
2020-09-30 00:00:00,9946.5,3939.9,-105.4,,,1546.5,,3352.0,314.9,252.1,29.5,1036.0,267.4,768.6,249.2,SIEMENS LTD,71.2,9420.8,208.9,6159.3,15860.2,15860.2,1196.1,88.0,,14576.1,15860.2,15860.2,3140.2,1115.2,5709.6,,,2.0,719.7,870.9,-386.0,1204.6,1264.5
2017-03-31 00:00:00,501.65,,,1.42,10.26,39.05,44.81,2.92,80.3,333.27,334.14,-183.92,-137.68,-46.67,,ADANI GREEN ENERGY LTD,1273.9,-70.96,4346.57,610.41,6159.92,6159.92,4341.14,266.99,26.47,1525.32,6159.92,6159.92,336.47,0.49,186.75,1273900000.0,,10.0,27.78,-1511.02,1559.09,75.85,
2018-03-31 00:00:00,1480.28,,,1.6,539.3,43.71,41.47,11.08,41.51,542.99,551.82,-210.18,-72.7,-137.52,,ADANI GREEN ENERGY LTD,1564.01,-222.61,9864.14,4503.04,15708.58,15708.58,9120.01,1724.86,87.02,4776.69,15708.58,15708.58,848.22,1692.29,456.92,1376747807.0,,10.0,648.65,-4428.23,3942.02,162.45,
2019-03-31 00:00:00,2057.98,,-129.48,2.32,63.67,59.69,77.26,199.82,72.74,1061.96,1121.18,-584.66,-113.16,-473.91,,ADANI GREEN ENERGY LTD,1564.01,-724.01,11142.49,2675.04,14657.53,14657.53,10388.35,742.87,77.16,3449.15,14657.53,14657.53,757.89,135.88,361.47,1564014280.0,,10.0,1624.55,-2666.28,1045.21,3.48,37.15
2020-03-31 00:00:00,2549.0,,-19.0,2.0,547.0,107.0,70.0,354.0,-111.0,394.0,995.0,-50.0,11.0,-23.0,,ADANI GREEN ENERGY LTD,1564.0,-801.0,14867.0,2794.0,18424.0,18424.0,12554.0,1208.0,477.0,4185.0,18424.0,18424.0,740.0,104.0,695.0,1564014280.0,,10.0,1965.0,-3743.0,2161.0,383.0,153.25
2021-03-31 00:00:00,3124.0,,-96.0,,630.0,38.0,92.0,27.0,385.0,486.0,1953.0,187.0,11.0,210.0,,ADANI GREEN ENERGY LTD,1564.0,-703.0,24209.0,3622.0,28692.0,28692.0,16429.0,4452.0,502.0,7309.0,28692.0,28692.0,1203.0,29.0,1019.0,1564014280.0,,10.0,1601.0,-9137.0,7083.0,-453.0,1104.85
2012-03-31 00:00:00,80821.37,50600.08,-663.29,4774.21,4250.99,6401.52,3183.43,2982.83,783.07,2645.17,1757.98,4344.94,786.24,3396.95,296.79,HINDALCO INDUSTRIES LTD,191.48,31178.53,41016.47,29015.76,101402.24,101402.24,35300.27,22798.1,10551.02,32752.85,101402.24,101402.24,8017.17,13246.03,3295.99,1914742308.0,,1.0,7547.02,-13220.26,6237.05,563.81,129.4
2013-03-31 00:00:00,80192.8,49212.36,666.29,5251.03,5522.38,6751.6,3880.93,2541.82,1110.86,2821.92,2079.11,3908.8,885.74,3026.89,191.48,HINDALCO INDUSTRIES LTD,191.48,34597.45,56951.1,28849.96,120589.99,120589.99,37928.71,33833.95,12600.97,36226.36,120589.99,120589.99,8952.28,14331.68,3775.45,1914783100.0,,1.0,2977.47,-13800.69,10277.9,-545.32,91.6
2014-03-31 00:00:00,87695.49,54114.04,521.88,6724.99,5540.64,7547.13,4029.09,2237.31,677.37,3346.83,2701.59,2653.12,524.92,2175.01,206.48,HINDALCO INDUSTRIES LTD,206.48,40392.75,64755.76,32626.84,137981.83,137981.83,61163.48,23059.25,12961.08,40798.02,137981.83,137981.83,9234.76,16694.26,5021.29,2064787900.0,,1.0,7955.72,-8095.39,1492.59,1352.92,141.75
2015-03-31 00:00:00,104281.1,66214.57,1237.89,8463.97,5817.56,8126.05,4305.16,3747.22,-832.43,3493.38,4178.42,340.23,256.38,854.21,206.52,HINDALCO INDUSTRIES LTD,206.52,38122.02,68467.55,34949.82,141745.91,141745.91,71958.76,14111.27,12346.34,43329.54,141745.91,141745.91,9186.43,18451.13,5308.99,2065526631.0,,1.0,7143.08,-3872.65,-2437.08,833.35,129.0
2016-03-31 00:00:00,98758.91,58269.19,-1283.05,9221.66,4695.6,8117.08,4185.48,5209.15,1499.83,4346.8,5133.8,-203.07,498.43,-250.74,206.52,HINDALCO INDUSTRIES LTD,206.52,40401.69,67551.85,32985.91,141145.97,141145.97,85648.13,4213.77,12462.59,38821.48,141145.97,141145.97,7918.4,16787.25,4407.29,2064985760.0,,1.0,11687.74,-3220.06,-8861.85,-394.17,87.95
2017-03-31 00:00:00,100183.78,58486.74,2828.83,8523.07,4610.48,8568.96,4372.01,6134.59,1197.81,4457.24,5742.44,3314.89,1432.59,1899.74,244.99,HINDALCO INDUSTRIES LTD,222.72,45832.3,63817.45,36271.92,146144.39,146144.39,84686.8,1813.86,15157.48,44486.25,146144.39,146144.39,8274.8,18291.36,8261.17,2243800339.0,,1.0,12687.47,-2875.95,-5552.27,4259.25,195.05
2018-03-31 00:00:00,115182.8,70876.04,1991.42,8614.11,4528.22,8669.79,4550.26,6240.52,2878.73,4506.24,3910.73,8157.04,2074.17,6082.92,267.47,HINDALCO INDUSTRIES LTD,222.89,54624.94,52074.02,40091.97,147013.82,147013.82,85088.43,2062.94,10781.31,49081.14,147013.82,147013.82,9959.81,21631.39,8057.76,2246055400.0,,1.0,10897.68,5333.27,-16412.4,-181.45,214.55
2019-03-31 00:00:00,130542.0,78301.0,-386.0,9618.0,4954.0,9087.0,5665.0,7020.0,1127.0,4777.0,3778.0,8083.0,2588.0,5496.0,279.72,HINDALCO INDUSTRIES LTD,222.0,57275.0,52415.0,42060.0,151972.0,151972.0,85860.0,4097.0,9012.0,53003.0,151972.0,151972.0,11389.0,22194.0,9787.0,2245530245.0,,1.0,11977.0,-5456.0,-5466.0,1055.0,205.5
2020-03-31 00:00:00,118144.0,68286.0,17.0,9696.0,5049.0,8892.0,5285.0,6647.0,906.0,5091.0,4197.0,5924.0,2157.0,3767.0,222.0,HINDALCO INDUSTRIES LTD,222.0,58091.0,68399.0,41906.0,168618.0,168618.0,89195.0,7721.0,9411.0,62291.0,168618.0,168618.0,9345.0,22384.0,21569.0,2246768936.0,,1.0,12745.0,-7227.0,6656.0,12174.0,95.7
2021-03-31 00:00:00,131985.0,78728.0,2146.0,8647.0,6016.0,10935.0,6054.0,7914.0,735.0,6628.0,3738.0,6206.0,2723.0,3483.0,666.0,HINDALCO INDUSTRIES LTD,222.0,66307.0,67206.0,55077.0,188812.0,188812.0,100269.0,10202.0,17133.0,61208.0,188812.0,188812.0,12959.0,30668.0,8809.0,2246768936.0,,1.0,17232.0,-25280.0,-4882.0,-12930.0,326.85
2012-03-31 00:00:00,9452.1,,,3361.9,817.1,309.6,1151.4,272.6,139.8,2143.8,407.3,1128.2,379.1,749.1,,INDUS TOWERS LTD,580.8,13943.3,3159.3,5783.3,23466.7,23466.7,16720.2,185.6,336.3,6224.6,23466.7,23466.7,682.4,,48.1,580802910.0,,10.0,3199.3,-2014.4,-1150.6,34.3,
2013-03-31 00:00:00,10272.0,,,3801.6,912.5,334.1,1165.7,251.5,338.5,2219.9,394.5,1530.7,528.2,1002.5,1038.78,INDUS TOWERS LTD,1888.7,15303.8,3523.1,6977.4,27693.0,27693.0,16323.9,172.3,3891.1,7305.7,27693.0,27693.0,855.4,,126.7,1888743054.0,1161605820.0,10.0,3651.2,-5794.4,2223.1,79.9,178.95
2014-03-31 00:00:00,10826.7,,,4062.0,881.1,367.0,1014.0,102.5,448.7,2125.9,399.7,2323.2,805.3,1517.9,831.29,INDUS TOWERS LTD,1889.3,16148.9,3342.3,7255.1,28635.6,28635.6,15320.5,152.7,7480.3,5682.1,28635.6,28635.6,307.5,,165.5,1889301110.0,,10.0,3952.4,-2339.9,-1500.5,112.0,203.4
2015-03-31 00:00:00,11668.3,,,4195.0,907.1,399.7,1063.9,98.5,522.3,2184.7,290.2,3051.5,1059.1,1992.4,2083.18,INDUS TOWERS LTD,1893.8,15126.2,2582.2,7552.5,27154.7,27154.7,14812.1,226.0,5882.2,6234.4,27154.7,27154.7,353.2,,912.0,1893769290.0,,10.0,3989.5,-937.4,-3187.6,-135.5,385.0
2016-03-31 00:00:00,5558.3,,,1990.1,392.0,257.8,373.3,56.8,1678.8,1155.0,33.0,2979.1,731.7,2247.4,569.01,INDUS TOWERS LTD,1896.7,16401.3,,2405.2,20703.2,20703.2,6063.1,70.1,10059.4,4510.6,20703.2,20703.2,195.5,,3159.5,1896667069.0,,10.0,1911.5,1548.3,-1452.9,2006.9,381.95
2017-03-31 00:00:00,6084.7,,,2114.3,408.4,274.6,412.0,50.3,1959.7,1165.7,39.4,3579.7,832.7,2747.0,2959.36,INDUS TOWERS LTD,1849.6,13649.7,278.5,5163.3,20941.1,20941.1,5794.2,58.5,11172.0,3916.4,20941.1,20941.1,300.0,,2249.8,1849608246.0,,10.0,2866.2,-237.2,-2671.0,-42.0,325.9
2018-03-31 00:00:00,6621.2,,,2281.7,406.2,291.6,449.6,35.0,1598.7,1180.1,46.5,3529.2,1035.5,2493.7,2589.44,INDUS TOWERS LTD,1849.6,15114.8,,2661.0,19625.4,19625.4,5594.8,110.3,12326.9,1593.4,19625.4,19625.4,274.6,,31.2,1849608246.0,,10.0,3469.4,-1855.1,-3554.8,-1940.5,336.15
2019-03-31 00:00:00,6826.2,,,2560.7,328.6,291.5,462.4,70.9,1559.3,1065.8,52.9,3552.7,1058.9,2493.8,2774.4,INDUS TOWERS LTD,1849.6,12682.0,5.7,2577.3,17114.6,17114.6,5332.2,118.0,9905.8,1758.6,17114.6,17114.6,550.9,,1.7,1849608246.0,,10.0,3158.6,1599.9,-4794.7,-36.2,313.4
2020-03-31 00:00:00,6743.0,,,2367.2,250.3,293.5,127.86,146.34,1846.2,1281.5,335.0,3787.5,488.8,3298.7,1942.08,INDUS TOWERS LTD,1849.6,11692.7,4627.2,1584.4,19753.9,19753.9,6714.1,54.5,11170.1,1815.2,19753.9,19753.9,367.2,,147.0,1849608246.0,,10.0,2315.1,-1012.2,-1185.4,117.5,160.0
2021-03-31 00:00:00,13954.3,,,5153.6,724.6,512.6,304.51,79.69,1262.4,2848.4,836.4,4756.9,977.9,3779.0,5422.14,INDUS TOWERS LTD,2694.9,13182.1,21576.0,7490.7,44943.7,44943.7,31800.2,273.6,2271.4,10598.5,44943.7,44943.7,3828.5,,14.5,2694936950.0,,10.0,7481.1,1797.7,-9376.8,-98.0,245.0
2012-03-31 00:00:00,8978.04,955.62,-17.79,22.62,1814.7,269.07,2226.24,171.94,168.49,106.14,433.26,3129.15,1021.38,2695.5,347.64,VEDANTA LTD,86.91,15031.3,3741.34,1541.58,20401.13,20401.13,3307.08,837.2,14166.58,2090.27,20401.13,20401.13,549.43,875.15,97.74,869101423.0,,1.0,2215.09,-4724.42,1725.64,-783.69,194.25
2013-03-31 00:00:00,2748.94,317.71,287.56,547.52,537.31,271.04,758.53,138.94,32.69,197.46,474.65,-173.97,-42.94,2280.25,8.69,VEDANTA LTD,86.91,17388.49,4838.67,722.95,23037.02,23037.02,4136.48,722.54,16058.85,2119.15,23037.02,23037.02,142.39,960.95,36.12,869101423.0,,1.0,22.21,-310.94,237.81,-50.92,155.65
2014-03-31 00:00:00,66152.41,23870.7,772.02,7386.14,4832.2,2766.26,4180.77,4293.31,1874.21,6882.32,5094.41,9492.53,-846.85,6298.51,963.62,VEDANTA LTD,296.5,72712.16,80566.04,60545.1,214119.8,214119.8,87205.43,43127.69,37909.58,45877.1,214119.8,214119.8,4619.64,9033.79,7685.5,2965004900.0,,1.0,15600.8,-2889.96,-5051.63,7659.21,188.55
2015-03-31 00:00:00,73709.5,24613.76,-55.45,8273.69,4835.56,2922.04,5583.66,5310.98,-19221.54,7159.16,5658.78,-9925.12,1448.36,-15645.77,1215.65,VEDANTA LTD,296.5,53578.77,77752.3,58653.61,190281.18,190281.18,70107.83,38747.95,39606.04,41819.36,190281.18,190281.18,3605.13,8725.02,5696.28,2965004871.0,,1.0,17805.13,-4133.09,-13955.77,-283.73,189.5
2016-03-31 00:00:00,64261.76,21793.05,-318.9,9301.54,4963.16,2613.78,5583.55,38167.2,4289.82,8572.44,5778.13,-28540.17,-10677.55,-12270.47,1037.75,VEDANTA LTD,296.5,43742.67,67777.81,80163.37,191980.35,191980.35,61590.85,38461.33,53385.98,38542.19,191980.35,191980.35,2493.75,8011.65,3708.79,2965004871.0,,1.0,20376.92,-7867.89,-11302.95,1206.08,89.85
2017-03-31 00:00:00,72225.0,23109.0,1229.0,10402.0,5928.0,2345.0,6341.0,3953.0,4423.0,6292.0,5855.0,13652.0,2333.0,6958.0,5776.65,VEDANTA LTD,297.0,60128.0,71569.0,64952.0,196946.0,196946.0,75631.0,27557.0,46962.0,46796.0,196946.0,196946.0,2240.0,9628.0,14123.0,2970000000.0,,1.0,18083.0,2681.0,-12425.0,8339.0,274.95
2018-03-31 00:00:00,91866.0,31802.0,-450.0,14026.0,6038.0,2501.0,7156.0,5016.0,6087.0,6283.0,5112.0,19569.0,5877.0,10342.0,7886.4,VEDANTA LTD,372.0,62940.0,58159.0,58896.0,180367.0,180367.0,78455.0,32055.0,28700.0,41157.0,180367.0,180367.0,3969.0,11967.0,5216.0,3720000000.0,,1.0,17366.0,15480.0,-39255.0,-6409.0,277.85
2019-03-31 00:00:00,92048.0,26078.0,-72.0,18144.0,8482.0,3023.0,6229.0,6849.0,4270.0,8192.0,5689.0,13560.0,3862.0,7065.0,7012.2,VEDANTA LTD,372.0,62322.0,66226.0,69648.0,198568.0,198568.0,86327.0,24959.0,33065.0,54217.0,198568.0,198568.0,3982.0,13198.0,8369.0,3720000000.0,,1.0,23754.0,-10594.0,-10242.0,2918.0,184.45
2020-03-31 00:00:00,84447.0,21486.0,-1017.0,16606.0,9244.0,2672.0,5316.0,7363.0,-14932.0,9093.0,4977.0,-8259.0,-3516.0,-6664.0,1450.8,VEDANTA LTD,372.0,54644.0,59185.0,66536.0,180737.0,180737.0,86127.0,18585.0,24753.0,51272.0,180737.0,180737.0,2697.0,11335.0,12502.0,3720000000.0,,1.0,19300.0,-5925.0,-15547.0,-2172.0,64.7
2021-03-31 00:00:00,88021.0,22890.0,-792.0,13674.0,8730.0,2861.0,5175.0,6581.0,2743.0,7638.0,5210.0,17213.0,2180.0,11602.0,3534.0,VEDANTA LTD,372.0,62229.0,57026.0,63855.0,183482.0,183482.0,88002.0,16314.0,16660.0,62506.0,183482.0,183482.0,3491.0,9923.0,16629.0,3720000000.0,,1.0,23980.0,-6678.0,-17565.0,-263.0,228.75
2015-03-31 00:00:00,9006.26,7477.52,-0.48,52.09,172.0,115.19,65.34,11.46,101.3,237.68,334.36,641.44,197.86,446.54,68.84,GUJARAT GAS LTD,137.68,1872.33,3225.72,1678.97,6914.7,6914.7,4486.66,357.39,1118.12,952.53,6914.7,6914.7,360.6,41.09,237.41,137678025.0,,10.0,1094.37,-365.01,-563.24,166.12,
2016-03-31 00:00:00,6105.58,4914.12,-0.31,60.36,184.43,132.68,73.68,1.22,12.12,245.42,249.62,255.86,65.82,190.04,34.42,GUJARAT GAS LTD,137.68,1385.61,2356.61,2189.33,6069.23,6069.23,4672.88,468.16,143.81,784.38,6069.23,6069.23,300.49,41.34,67.98,137678025.0,,10.0,637.03,375.21,-1224.03,-211.79,110.51
2017-03-31 00:00:00,5092.61,3838.04,0.13,59.31,218.72,133.06,77.96,3.56,17.93,257.33,218.0,304.69,84.1,220.59,41.3,GUJARAT GAS LTD,137.68,1526.04,2358.88,2352.8,6375.4,6375.4,4902.98,505.72,91.64,875.06,6375.4,6375.4,347.51,41.65,64.5,137678025.0,,10.0,700.53,-458.17,-251.35,-8.99,153.75
2018-03-31 00:00:00,6174.33,4678.61,0.62,71.7,270.01,144.08,89.9,7.66,29.3,271.82,206.2,464.27,171.83,292.44,55.07,GUJARAT GAS LTD,137.68,1728.7,2328.22,2467.18,6661.78,6661.78,5094.01,478.33,40.74,1048.7,6661.78,6661.78,391.71,56.78,140.12,137678025.0,,10.0,784.67,-429.57,-273.32,81.78,166.64
2019-03-31 00:00:00,7754.41,6084.0,1.05,78.03,300.78,165.08,120.57,10.4,94.76,288.01,207.73,595.62,177.17,418.45,68.84,GUJARAT GAS LTD,137.68,2067.59,2213.11,2739.15,7157.53,7157.53,5289.99,488.86,42.08,1336.6,7157.53,7157.53,510.31,69.41,313.19,688390125.0,,2.0,964.29,-612.14,-349.42,2.73,148.1
2020-03-31 00:00:00,10300.34,7881.62,-0.16,88.1,336.77,181.83,148.62,14.58,82.25,317.98,204.95,1207.98,9.16,1198.82,86.05,GUJARAT GAS LTD,137.68,3179.67,2055.36,2552.7,7925.41,7925.41,5585.08,569.49,43.21,1727.63,7925.41,7925.41,510.14,46.26,693.91,688390125.0,,2.0,1419.83,-466.47,-502.37,450.99,230.85
2021-03-31 00:00:00,9854.25,6991.09,1.33,75.14,343.29,183.26,128.92,25.1,72.86,340.84,133.86,1706.94,429.22,1277.72,137.68,GUJARAT GAS LTD,137.68,4373.88,976.75,2991.42,8479.73,8479.73,5965.7,687.82,47.8,1778.41,8479.73,8479.73,783.09,52.21,320.96,688390125.0,,2.0,1655.16,-610.27,-1317.67,-272.78,549.45
2012-03-31 00:00:00,140147.1,46778.02,464.12,185.85,9702.86,1695.82,26082.15,10816.41,11074.85,13186.54,434.91,42803.51,14374.6,28143.62,8341.63,OIL & NATURAL GAS CORPN LTD,4277.76,132161.37,15972.68,79770.9,232182.71,232182.71,38541.98,49698.12,2920.71,141021.9,232182.71,232182.71,11718.08,13703.06,27891.42,8555528064.0,,5.0,46129.42,-38374.84,101.55,7856.13,178.9
2013-03-31 00:00:00,161983.83,61726.4,1120.5,218.25,9725.16,2457.99,29807.34,15667.84,5487.92,11763.3,483.8,36742.17,12751.9,24219.65,8127.74,OIL & NATURAL GAS CORPN LTD,4277.76,148249.81,20685.61,80210.66,253423.84,253423.84,49104.07,53385.01,2128.18,148806.58,253423.84,253423.84,15395.61,13359.68,19619.05,8555528060.0,,5.0,39874.18,-41219.86,-6927.03,-8272.71,207.6
2014-03-31 00:00:00,174120.87,72652.85,528.54,4366.71,7395.99,10256.5,42686.59,-11838.99,7170.25,16262.28,624.33,39413.4,12760.38,26506.53,8127.74,OIL & NATURAL GAS CORPN LTD,4277.76,167873.77,49112.75,103711.43,324975.71,324975.71,64655.28,72033.68,4745.9,183540.85,324975.71,324975.71,16029.0,15551.08,24480.13,8555528060.0,,5.0,53270.38,-63632.56,15224.62,4862.44,212.47
2015-03-31 00:00:00,160922.64,61912.64,-1722.92,876.3,8171.9,9361.34,41281.42,-4716.2,5954.76,18032.97,2863.75,27370.36,9697.41,18333.52,8127.74,OIL & NATURAL GAS CORPN LTD,4277.76,176176.64,53944.47,103447.69,337846.56,337846.56,88928.03,63393.37,4749.14,180776.02,337846.56,337846.56,18815.82,11354.86,16096.92,8555520120.0,,5.0,33950.42,-30058.33,-10640.78,-6748.68,204.23
2016-03-31 00:00:00,124035.71,36666.93,-756.02,1182.38,9085.95,9230.17,35735.31,-7755.68,1067.26,16384.06,3765.58,20052.25,6950.7,12875.21,7272.19,OIL & NATURAL GAS CORPN LTD,4277.76,193535.88,45500.17,98458.57,341772.38,341772.38,46385.25,57668.48,33386.85,204331.8,341772.38,341772.38,8331.71,10761.97,24689.04,8555520120.0,,5.0,46292.49,-38255.87,-8972.0,-935.38,142.73
2017-03-31 00:00:00,282506.11,175376.73,4784.69,1957.93,16260.06,15128.16,36378.9,-10614.65,12724.18,20219.2,3591.11,41717.54,12548.42,24419.25,9689.11,OIL & NATURAL GAS CORPN LTD,6416.63,187968.59,80029.27,170110.83,444525.32,444525.32,81510.27,59042.48,70745.67,233226.9,444525.32,444525.32,12547.12,30555.38,13212.64,12833265180.0,4277745060.0,5.0,45780.48,-43814.55,-1867.05,98.87,185.0
2018-03-31 00:00:00,322705.76,202298.51,8.17,2177.5,18372.26,14970.72,34331.58,-6325.7,10429.39,23111.91,4999.04,39207.5,13139.52,22105.93,8469.95,OIL & NATURAL GAS CORPN LTD,6416.63,197602.3,106549.94,148663.53,459232.4,459232.4,82969.91,61511.87,67334.61,247416.01,459232.4,459232.4,13899.17,31253.57,5062.84,12833265180.0,,5.0,56792.1,-66798.14,9909.36,-96.69,177.8
2019-03-31 00:00:00,421623.93,275523.61,3095.62,2139.73,19178.34,15850.5,39621.44,-2413.06,9567.1,23703.7,5836.73,54845.66,20907.65,30546.04,8806.21,OIL & NATURAL GAS CORPN LTD,6290.15,210644.5,107741.69,167666.95,492343.29,492343.29,86011.31,69056.44,66908.92,270366.62,492343.29,492343.29,15396.46,35949.41,4819.66,12580309206.0,,5.0,61457.6,-37131.63,-23324.5,1001.47,159.75
2020-03-31 00:00:00,396727.91,269975.37,-1145.56,2078.92,20949.65,15531.26,29357.66,5584.51,981.69,26634.88,7489.34,18962.45,7506.19,10803.6,6290.15,OIL & NATURAL GAS CORPN LTD,6290.15,198814.45,129472.52,173786.92,508364.04,508364.04,103847.82,83832.4,56755.18,263928.64,508364.04,508364.04,9173.41,34065.12,9640.24,12580309206.0,,5.0,70592.98,-53159.05,-16726.36,707.57,68.3
2021-03-31 00:00:00,303957.71,205909.56,9916.66,1967.45,20297.23,14133.0,22426.91,-325.78,11261.15,25538.47,5079.03,30109.65,8766.2,16248.69,4528.9,OIL & NATURAL GAS CORPN LTD,6290.14,214690.85,133186.92,187518.34,541686.25,541686.25,104465.51,100332.0,60022.16,276866.58,541686.25,541686.25,16015.83,45688.61,7192.27,12580279206.0,,5.0,47201.39,-39139.02,-8257.81,-195.44,102.15
2012-03-31 00:00:00,6640.04,2947.45,65.82,79.57,615.11,681.33,1460.07,299.29,117.06,96.13,70.35,573.62,141.71,356.14,132.96,TATA CONSUMER PRODUCTS LTD,61.84,4503.9,915.59,2797.49,8278.82,8278.82,4243.64,49.15,566.53,3419.5,8278.82,8278.82,651.81,1160.73,736.16,618398570.0,,1.0,279.1,155.96,-437.84,-2.78,112.35
2013-03-31 00:00:00,7350.98,3156.06,41.54,85.25,635.42,740.11,1727.93,277.54,56.12,105.1,84.44,636.79,164.07,372.75,132.96,TATA CONSUMER PRODUCTS LTD,61.84,4748.28,1388.75,2595.02,8793.89,8793.89,4434.34,90.68,577.93,3690.94,8793.89,8793.89,712.92,1382.92,697.7,618398570.0,,1.0,172.88,23.98,185.97,382.83,127.85
2014-03-31 00:00:00,7737.61,3306.96,114.19,91.4,695.74,792.53,1925.39,287.71,170.38,129.06,86.53,706.86,184.49,480.52,139.14,TATA CONSUMER PRODUCTS LTD,61.84,5787.01,1438.1,2624.51,9911.46,9911.46,5181.01,59.57,610.97,4059.91,9911.46,9911.46,654.35,1518.46,725.24,618398570.0,,1.0,421.77,-1.2,-363.25,57.32,150.05
2015-03-31 00:00:00,7993.39,3416.05,51.25,84.78,691.21,857.67,1919.35,283.38,-77.36,133.1,81.86,499.88,215.52,247.82,13.91,TATA CONSUMER PRODUCTS LTD,61.84,5429.68,1324.02,2642.04,9457.58,9457.58,4921.69,47.17,622.02,3866.7,9457.58,9457.58,616.09,1625.3,544.24,618398570.0,,1.0,417.81,-207.05,-392.38,-181.62,148.8
2016-03-31 00:00:00,6636.54,3601.49,-20.11,81.26,190.32,805.06,922.88,649.51,37.54,116.79,116.9,169.76,200.01,-5.52,142.0,TATA CONSUMER PRODUCTS LTD,63.11,6184.06,1354.05,2293.54,9894.76,9894.76,4661.8,39.42,1365.94,3827.6,9894.76,9894.76,592.43,1629.01,501.03,631129729.0,,1.0,115.98,144.62,-281.8,-21.2,121.25
2017-03-31 00:00:00,6779.55,3165.65,0.69,83.19,597.61,834.95,926.92,380.79,88.4,126.04,91.53,661.96,198.31,389.44,148.31,TATA CONSUMER PRODUCTS LTD,63.11,6202.39,786.56,2499.35,9551.41,9551.41,4572.59,63.19,1451.04,3464.59,9551.41,9551.41,592.45,1452.96,574.82,631129729.0,,1.0,741.2,145.05,-815.84,70.41,150.55
2018-03-31 00:00:00,6815.35,3746.11,46.8,87.07,194.69,821.37,857.64,316.36,73.02,116.04,42.76,753.13,185.87,495.56,148.31,TATA CONSUMER PRODUCTS LTD,63.11,6968.49,1067.58,2361.58,10460.76,10460.76,4798.18,135.16,1161.33,4366.09,10460.76,10460.76,648.28,1448.31,1238.14,631129729.0,,1.0,355.58,-31.1,-30.39,294.09,258.75
2019-03-31 00:00:00,7251.5,4022.05,14.41,89.28,209.59,806.3,968.23,384.55,123.84,122.57,52.47,734.71,260.88,408.19,157.78,TATA CONSUMER PRODUCTS LTD,63.11,7268.58,1141.1,2407.89,10880.68,10880.68,4913.31,424.41,1187.66,4355.3,10880.68,10880.68,680.55,1608.54,1033.61,631129729.0,,1.0,209.87,53.17,-223.73,39.31,203.95
2020-03-31 00:00:00,9637.42,5402.9,-7.78,103.84,238.47,884.8,1278.16,429.32,-163.2,241.71,77.86,809.38,274.19,459.76,248.83,TATA CONSUMER PRODUCTS LTD,92.16,13722.7,1586.32,3071.86,18473.04,18473.04,11656.04,95.35,1322.85,5398.8,18473.04,18473.04,922.41,1712.03,1621.46,921551715.0,,1.0,1082.23,-622.04,-308.33,151.86,294.85
2021-03-31 00:00:00,11602.03,7051.85,149.54,97.36,257.69,970.23,1421.46,409.22,90.73,254.74,68.69,1311.06,317.27,856.69,373.25,TATA CONSUMER PRODUCTS LTD,92.16,14442.35,1633.55,4049.76,20217.82,20217.82,12023.13,112.85,805.89,7275.95,20217.82,20217.82,761.32,2249.16,3074.88,921551715.0,,1.0,1656.37,-346.5,-426.03,883.84,638.9
2018-03-31 00:00:00,466.02,,,2.41,49.81,290.49,182.17,33.59,21.03,29.15,6.35,-106.92,,-103.68,,ZOMATO LTD,0.03,1036.06,11.85,326.55,1374.49,1374.49,189.8,1.29,829.23,354.17,1374.49,1374.49,26.08,,208.07,337694.0,,1.0,,,,,
2019-03-31 00:00:00,1312.59,18.72,2.13,3.17,1339.7,600.79,1514.3,81.52,1285.05,43.12,8.69,-1010.24,,-964.95,,ZOMATO LTD,0.03,2355.61,104.22,953.02,3412.88,3412.88,389.08,0.74,2144.55,878.51,3412.88,3412.88,70.34,2.13,238.69,337694.0,,1.0,,,,,
2020-03-31 00:00:00,2604.74,110.52,1.6,6.29,2108.91,798.88,1756.34,130.1,15.97,84.24,12.64,-2385.61,,-2367.16,,ZOMATO LTD,0.03,457.35,73.18,2369.83,2900.39,2900.39,1590.55,0.96,323.92,984.96,2900.39,2900.39,123.12,3.73,359.88,337694.0,,1.0,-2143.63,1739.51,358.91,-45.22,
2021-03-31 00:00:00,1993.79,202.87,11.01,1.95,602.76,740.77,842.39,81.1,-200.26,137.74,10.08,-815.12,1.3,-812.82,,ZOMATO LTD,0.03,7643.76,72.59,987.16,8703.54,8703.54,1539.05,0.13,2205.25,4959.11,8703.54,8703.54,129.87,14.8,903.66,351477.0,,1.0,-1017.93,-5244.62,6401.9,139.35,
2012-03-31 00:00:00,26516.03,9729.93,85.74,476.74,1106.46,1935.11,3177.05,932.52,771.71,745.48,102.04,9168.15,2845.76,6258.14,3518.28,ITC LTD,781.84,18676.74,117.6,10509.13,30085.31,30085.31,10007.42,2396.46,5206.83,12474.6,30085.31,30085.31,1200.2,6426.87,3130.12,7818424300.0,,1.0,6255.66,-2693.8,-3304.65,257.21,151.27
2013-03-31 00:00:00,31618.33,12375.05,256.84,579.98,1213.67,2145.63,3543.86,796.4,852.31,859.11,108.13,11105.65,3412.07,7608.07,4148.44,ITC LTD,790.18,22367.72,102.38,12068.99,35329.27,35329.27,12139.83,2062.03,5981.28,15146.13,35329.27,35329.27,1395.76,7522.09,3828.3,7901833110.0,,1.0,7101.83,-3881.35,-3310.01,-89.53,206.3
2014-03-31 00:00:00,35306.43,13353.03,112.74,644.96,1395.57,2504.24,3361.2,1080.27,965.74,964.92,29.17,13051.55,4060.93,8891.38,4771.92,ITC LTD,795.32,26441.64,242.41,13369.04,40848.41,40848.41,12921.3,3117.37,7284.02,17525.72,40848.41,40848.41,2439.21,8255.24,3490.19,7953182950.0,,1.0,7343.58,-3254.08,-4121.54,-32.04,235.23
2015-03-31 00:00:00,38817.15,15007.9,235.72,610.67,1533.25,2772.28,3876.19,1000.96,1229.35,1027.96,90.96,14362.05,4596.42,9663.17,5009.69,ITC LTD,801.55,30933.94,268.8,13947.93,45952.22,45952.22,15303.28,2700.2,6942.77,21005.97,45952.22,45952.22,1982.07,8586.87,7896.22,8015519541.0,,1.0,9843.2,-5275.43,-4661.03,-93.26,217.23
2016-03-31 00:00:00,39192.1,13763.88,195.38,571.88,1581.59,3440.97,4261.78,1235.89,1483.11,1077.4,78.13,14859.07,5358.21,9344.45,6840.12,ITC LTD,804.72,41874.8,83.78,8888.04,51651.34,51651.34,15106.63,2559.72,11747.59,22237.4,51651.34,51651.34,1917.18,9062.1,6063.3,8047206991.0,,1.0,9799.04,-3920.73,-5612.52,265.79,218.83
2017-03-31 00:00:00,42767.6,15456.59,-592.57,584.33,1683.9,3631.73,4179.74,1169.23,1758.63,1152.79,49.03,16026.32,5549.09,10289.44,5770.02,ITC LTD,1214.74,45198.19,45.72,9439.67,55898.32,55898.32,15893.48,3729.89,17581.38,18693.57,55898.32,55898.32,2474.29,8116.1,2967.4,12147383071.0,4026657100.0,1.0,10627.31,-3250.93,-7301.03,75.35,280.3
2018-03-31 00:00:00,43448.94,14827.72,-1027.76,653.5,1697.62,3760.9,3954.87,1005.98,2239.81,1236.28,115.01,17409.11,5916.43,11271.2,6285.21,ITC LTD,1220.43,51289.68,35.92,11694.85,64240.88,64240.88,16523.96,5508.33,22052.86,20155.73,64240.88,64240.88,2682.29,7495.09,2899.6,12204294911.0,,1.0,13169.4,-7113.89,-6221.13,-165.62,255.5
2019-03-31 00:00:00,48339.58,17623.52,203.19,746.73,1871.01,4177.88,4546.39,1039.85,2080.44,1396.61,71.4,19149.82,6313.92,12592.33,7048.7,ITC LTD,1225.86,57915.01,13.44,12584.73,71739.04,71739.04,19374.19,4136.42,25043.49,23184.94,71739.04,71739.04,4035.28,7859.56,4152.03,12258631601.0,,1.0,12583.41,-5545.68,-6868.64,169.09,297.25
2020-03-31 00:00:00,49387.7,18048.6,703.13,780.85,1908.29,4295.79,4488.63,1225.13,2417.32,1644.91,81.38,20034.57,4441.79,15306.23,12476.58,ITC LTD,1229.22,64044.04,277.45,11760.04,77310.75,77310.75,21713.34,3256.46,28663.35,23677.6,77310.75,77310.75,2562.48,8879.33,7277.34,12292231241.0,,1.0,14689.66,-6174.02,-8181.48,334.16,171.7
2021-03-31 00:00:00,49257.45,20776.71,645.27,699.56,1587.18,4463.33,4236.77,1074.39,2576.95,1645.59,57.97,17938.17,4555.29,13161.19,13231.96,ITC LTD,1230.88,59116.46,270.83,13142.59,73760.76,73760.76,23298.48,4011.29,24870.87,21580.12,73760.76,73760.76,2501.7,10397.16,4659.02,12308844231.0,,1.0,12527.09,5739.86,-18633.83,-366.88,218.5
2012-03-31 00:00:00,6451.55,3686.43,186.86,67.58,303.09,790.44,1386.86,-269.78,24.89,94.85,128.1,475.73,105.81,369.92,81.11,HAVELLS INDIA LTD,62.39,893.22,1027.05,2192.73,4175.39,4175.39,1390.83,66.25,,2718.31,4175.39,4175.39,890.53,1367.75,233.64,124774812.0,,5.0,452.24,-105.33,-247.04,99.87,114.42
2013-03-31 00:00:00,7135.2,4163.72,0.88,72.63,207.82,905.6,1592.55,-480.62,222.29,109.66,123.22,663.79,82.36,581.43,93.58,HAVELLS INDIA LTD,62.39,1379.65,981.51,2034.37,4457.92,4457.92,1500.08,24.89,,2932.95,4457.92,4457.92,862.28,1318.36,473.57,124774812.0,,5.0,637.73,-143.72,-252.1,241.91,128.76
2014-03-31 00:00:00,8051.0,4612.15,122.81,80.77,381.55,1086.87,1769.87,-534.38,35.1,115.54,102.45,594.09,147.76,446.33,187.17,HAVELLS INDIA LTD,62.39,1603.62,1053.5,2612.88,5332.39,5332.39,1600.38,44.41,,3687.6,5332.39,5332.39,1000.53,1493.44,881.7,124775100.0,,5.0,868.11,-375.5,-309.72,182.89,186.78
2015-03-31 00:00:00,8467.52,4725.41,-103.76,84.21,263.38,1187.72,1855.67,-507.61,48.49,138.66,95.84,568.97,183.55,385.42,187.32,HAVELLS INDIA LTD,62.44,1755.74,423.86,2545.76,4787.8,4787.8,1540.98,38.3,,3208.52,4787.8,4787.8,623.18,1366.29,777.47,624357810.0,,1.0,962.56,-485.38,-753.77,-276.59,305.25
2016-03-31 00:00:00,7593.67,4447.89,72.96,80.87,279.57,896.32,1060.13,105.76,949.04,134.4,91.01,1519.72,219.27,1300.45,374.76,HAVELLS INDIA LTD,62.46,2965.21,133.99,1225.35,4387.01,4387.01,1224.15,20.49,188.72,2953.65,4387.01,4387.01,235.73,834.31,1468.0,624545820.0,,1.0,513.43,-120.84,-621.28,-228.69,321.35
2017-03-31 00:00:00,6130.16,3600.17,113.57,75.52,431.46,509.4,760.93,51.4,41.87,120.51,13.34,722.87,228.76,494.53,218.72,HAVELLS INDIA LTD,62.49,3214.33,208.33,1682.58,5167.73,5167.73,1300.15,11.94,161.66,3693.98,5167.73,5167.73,230.68,945.34,1974.47,624855342.0,,1.0,767.08,-219.66,-97.54,449.88,465.75
2018-03-31 00:00:00,8116.21,5125.41,325.74,75.38,404.99,659.82,1047.29,96.16,97.22,140.49,24.83,964.8,303.83,662.37,25.0,HAVELLS INDIA LTD,62.51,3666.65,115.38,2762.97,6607.51,6607.51,2818.62,24.05,,3764.84,6607.51,6607.51,327.75,1633.03,1561.57,625148473.0,,1.0,1099.93,-946.3,-409.05,-255.42,487.85
2019-03-31 00:00:00,10073.43,6330.52,245.37,86.33,513.43,842.13,1262.17,95.66,124.08,149.38,16.25,1147.01,359.4,787.61,281.48,HAVELLS INDIA LTD,62.55,4135.03,94.5,2856.27,7148.35,7148.35,2903.99,232.66,,4011.7,7148.35,7148.35,406.58,1918.97,1311.37,625472910.0,,1.0,501.28,184.86,-318.06,368.08,772.5
2020-03-31 00:00:00,9440.26,5466.81,-172.74,92.44,505.27,907.06,1153.71,75.47,106.68,217.97,51.36,904.11,168.76,735.35,250.32,HAVELLS INDIA LTD,62.58,4248.98,72.37,2689.52,7073.45,7073.45,3349.57,86.13,,3637.75,7073.45,7073.45,241.66,1871.88,1132.53,625802834.0,,1.0,826.71,-547.65,-715.9,-436.84,480.45
2021-03-31 00:00:00,10457.3,6789.26,531.07,84.32,584.94,891.08,974.17,75.41,187.36,248.91,90.09,1437.55,393.24,1044.31,406.9,HAVELLS INDIA LTD,62.6,5113.7,521.35,3154.61,8852.26,8852.26,3290.43,89.91,306.3,5165.62,8852.26,8852.26,563.73,2619.89,1652.79,625802834.0,,1.0,660.33,-763.18,189.77,86.92,1050.4
2012-03-31 00:00:00,9138.7,3667.55,475.34,82.81,2082.61,730.43,1952.87,-20.37,240.23,147.41,875.67,335.29,148.09,187.92,31.47,UNITED SPIRITS LTD,125.87,4535.9,8164.17,3030.6,15856.54,15856.54,7880.59,108.03,235.8,7632.12,15856.54,15856.54,1773.71,2754.76,363.23,125869737.0,,10.0,756.1,-1070.28,21.72,-292.46,121.21
2013-03-31 00:00:00,10378.06,3416.74,-292.8,93.46,2260.33,805.21,2216.09,202.62,145.51,178.4,984.91,73.01,178.05,-101.21,31.47,UNITED SPIRITS LTD,125.87,4661.43,8242.44,3453.25,16482.99,16482.99,7869.06,131.23,217.91,8264.79,16482.99,16482.99,2417.05,2511.2,281.62,125869737.0,,10.0,1968.84,-1120.99,-992.39,-144.54,379.83
2014-03-31 00:00:00,10507.75,6230.21,440.86,102.35,258.19,860.48,2566.92,4298.81,680.98,202.61,1322.57,-4212.55,276.23,-4489.09,,UNITED SPIRITS LTD,145.33,2886.94,8307.11,3518.24,14857.62,14857.62,5700.38,109.66,238.01,8809.57,14857.62,14857.62,2265.25,2935.12,704.73,145327740.0,,10.0,-551.93,-252.0,1234.96,431.03,529.49
2015-03-31 00:00:00,9253.85,5569.38,350.37,36.84,222.61,778.64,2307.49,1054.78,-359.56,222.87,687.34,-1635.29,52.04,-1687.71,,UNITED SPIRITS LTD,145.33,514.19,4986.85,2242.24,7888.61,7888.61,1920.98,114.14,216.36,5637.13,7888.61,7888.61,1751.5,1758.11,362.88,145327743.0,,10.0,-196.31,3855.39,-4001.93,-342.85,731.46
2016-03-31 00:00:00,8494.9,4916.3,159.1,36.0,261.7,681.5,1619.3,805.9,647.5,157.2,457.4,366.2,222.8,138.3,,UNITED SPIRITS LTD,145.3,1489.4,4242.5,2452.1,8329.3,8329.3,1886.8,282.1,76.6,6083.8,8329.3,8329.3,2303.2,1951.9,136.8,145327743.0,,10.0,282.7,733.2,-1154.9,-139.0,499.88
2017-03-31 00:00:00,8817.5,3053.5,-56.8,34.8,2006.2,688.9,1862.2,123.7,-265.0,188.6,375.1,162.7,69.7,100.1,,UNITED SPIRITS LTD,145.3,1640.3,4143.6,2966.7,8895.9,8895.9,1916.6,199.3,0.1,6779.9,8895.9,8895.9,2953.4,1927.6,87.2,145327743.0,,10.0,646.8,-227.4,-474.9,-55.5,434.94
2018-03-31 00:00:00,8590.6,2679.0,14.1,27.9,1864.5,681.2,1963.8,179.1,172.4,192.3,277.5,911.8,259.9,633.8,,UNITED SPIRITS LTD,145.3,2393.5,3421.1,2965.9,8925.8,8925.8,1791.3,101.8,0.1,7032.6,8925.8,8925.8,2711.2,1919.7,256.0,145327743.0,,10.0,925.1,104.4,-966.1,63.4,625.93
2019-03-31 00:00:00,9340.8,2940.4,-65.7,24.9,1935.4,690.2,2106.3,184.1,69.8,214.7,237.2,1011.7,328.1,700.2,,UNITED SPIRITS LTD,145.3,3064.7,2883.2,3015.7,9108.9,9108.9,1841.2,118.4,25.2,7124.1,9108.9,9108.9,2542.5,1934.3,282.9,726638715.0,,2.0,948.3,-65.5,-808.3,74.5,553.9
2020-03-31 00:00:00,9325.4,3435.1,-98.4,24.5,1812.0,530.5,1877.1,-21.2,88.6,285.3,212.0,1160.3,539.7,658.9,,UNITED SPIRITS LTD,145.3,3702.4,2570.2,2425.8,8843.7,8843.7,1955.9,121.1,21.9,6744.8,8843.7,8843.7,2283.5,1927.5,73.5,726638715.0,,2.0,783.2,-193.6,-739.9,-150.3,484.6
2021-03-31 00:00:00,8131.3,2812.9,-133.1,20.0,1841.5,557.0,1625.7,89.7,-24.7,299.1,187.6,540.0,177.9,383.6,,UNITED SPIRITS LTD,145.3,4094.2,1036.8,3234.6,8510.9,8510.9,1893.1,96.7,,6521.1,8510.9,8510.9,2187.2,2051.9,83.9,726638715.0,,2.0,1817.7,-99.2,-1706.8,11.7,556.35
2012-03-31 00:00:00,879.11,492.94,33.6,36.26,76.51,72.27,154.0,-65.51,35.91,17.29,21.45,143.41,39.82,103.59,12.52,P I INDUSTRIES LTD,12.52,312.92,246.79,229.33,801.56,801.56,297.49,81.0,0.52,422.55,801.56,801.56,172.23,178.75,9.41,25048378.0,,5.0,104.44,-104.95,1.98,1.47,105.68
2013-03-31 00:00:00,1151.4,672.81,-1.72,52.27,51.94,89.11,189.2,-88.51,7.97,22.01,23.8,145.02,47.68,97.34,13.55,P I INDUSTRIES LTD,13.55,518.17,217.22,385.78,1134.72,1134.72,478.07,60.52,0.52,595.61,1134.72,1134.72,262.54,241.75,16.14,27091830.0,,5.0,102.03,-144.72,45.23,2.54,126.77
2014-03-31 00:00:00,1595.54,956.03,36.26,74.62,77.56,111.52,271.92,-155.34,11.32,31.56,13.94,261.31,73.31,188.0,27.22,P I INDUSTRIES LTD,13.61,680.9,122.29,501.11,1317.91,1317.91,526.67,42.48,0.52,748.24,1317.91,1317.91,256.82,318.76,43.76,136109080.0,,1.0,219.11,-50.49,-145.07,23.55,278.35
2015-03-31 00:00:00,1940.26,1138.11,22.76,76.91,80.94,143.83,284.88,-143.9,34.9,49.78,12.13,355.24,109.35,245.89,34.15,P I INDUSTRIES LTD,13.66,882.8,114.79,621.94,1633.19,1633.19,532.67,133.24,0.52,966.76,1633.19,1633.19,382.58,378.21,34.14,136576182.0,,1.0,184.15,-146.18,-52.58,-14.61,606.2
2016-03-31 00:00:00,2096.35,1178.46,19.94,60.84,30.07,193.96,144.33,73.62,33.78,54.28,11.69,402.82,91.28,311.55,42.5,P I INDUSTRIES LTD,13.71,1157.21,151.37,626.31,1948.6,1948.6,874.17,71.3,0.32,1002.81,1948.6,1948.6,397.75,394.8,55.99,137127222.0,,1.0,366.81,-303.36,-47.6,15.85,568.45
2017-03-31 00:00:00,2276.83,1204.07,40.89,69.2,42.44,223.79,158.35,64.79,36.27,73.04,8.77,509.54,50.09,459.44,55.04,P I INDUSTRIES LTD,13.76,1613.42,120.11,554.11,2301.4,2301.4,945.01,77.32,83.29,1195.78,2301.4,2301.4,423.71,431.95,132.64,137586624.0,,1.0,338.85,-235.14,-53.44,50.26,838.15
2018-03-31 00:00:00,2277.1,1161.3,-7.7,75.5,52.4,244.6,173.1,66.5,59.8,83.0,7.3,465.5,97.9,367.6,55.2,P I INDUSTRIES LTD,13.8,1911.0,83.4,618.2,2626.4,2626.4,997.7,89.9,160.6,1378.2,2626.4,2626.4,526.8,452.0,130.7,137907318.0,,1.0,319.4,-180.5,-106.1,32.8,885.2
2019-03-31 00:00:00,2840.9,1500.2,-50.0,91.2,65.6,266.6,193.8,93.7,58.2,93.0,7.1,537.9,127.7,410.2,55.2,P I INDUSTRIES LTD,13.8,2271.6,49.2,820.2,3154.8,3154.8,1185.7,182.8,129.1,1657.2,3154.8,3154.8,661.8,535.7,89.2,138030651.0,,1.0,390.8,-321.6,-125.1,-55.9,1031.95
2020-03-31 00:00:00,3366.5,1849.6,2.2,112.4,82.6,322.4,205.1,76.8,49.7,136.7,19.0,613.8,157.2,456.6,55.2,P I INDUSTRIES LTD,13.8,2605.3,518.6,1087.1,4224.8,4224.8,1857.5,270.7,150.4,1946.2,4224.8,4224.8,646.5,798.9,134.4,138107993.0,,1.0,698.1,-984.9,350.0,63.2,1170.05
2021-03-31 00:00:00,4577.0,2671.8,100.6,127.2,97.0,418.5,222.0,123.1,129.3,174.8,34.0,938.5,200.2,738.3,76.0,P I INDUSTRIES LTD,15.2,5327.2,327.9,1331.6,7001.9,7001.9,2138.2,287.5,728.6,3847.6,7001.9,7001.9,703.5,1052.8,1619.5,151894693.0,,1.0,725.0,-2430.4,1690.4,-15.0,2258.15
2012-03-31 00:00:00,3147.53,1529.21,-33.12,54.87,111.79,503.05,295.65,102.99,22.18,123.91,89.14,325.98,114.97,219.35,53.78,APOLLO HOSPITALS ENTERPRISE LTD,67.23,2400.88,816.67,697.83,3982.61,3982.61,2011.25,209.27,564.16,1197.93,3982.61,3982.61,386.73,191.54,236.84,134466618.0,,5.0,387.06,-467.97,135.4,54.49,638.8
2013-03-31 00:00:00,3768.71,1806.99,-48.84,69.93,93.88,623.29,333.13,180.55,32.57,142.34,103.25,399.08,105.03,304.35,76.52,APOLLO HOSPITALS ENTERPRISE LTD,69.56,2677.21,1213.1,854.04,4813.91,4813.91,2340.59,403.39,526.71,1543.22,4813.91,4813.91,473.3,218.68,320.06,139125159.0,,5.0,442.75,-732.52,372.99,83.22,838.9
2014-03-31 00:00:00,4357.11,2131.6,-18.53,85.33,116.02,727.58,407.6,194.6,18.03,167.79,119.38,406.71,101.76,316.75,79.99,APOLLO HOSPITALS ENTERPRISE LTD,69.56,2907.12,1344.36,1028.62,5349.66,5349.66,2681.29,491.31,321.57,1855.49,5349.66,5349.66,519.77,278.55,274.15,139125160.0,,5.0,373.39,-355.83,-63.48,-45.92,916.45
2015-03-31 00:00:00,5128.98,2562.23,-18.96,93.98,116.96,860.41,520.03,218.97,47.47,211.65,117.85,455.41,130.0,339.9,79.99,APOLLO HOSPITALS ENTERPRISE LTD,69.56,3100.63,1992.26,1296.72,6459.17,6459.17,3244.12,532.64,310.65,2371.76,6459.17,6459.17,609.27,350.26,377.33,139125159.0,,5.0,469.95,-759.07,392.31,103.19,1369.2
2016-03-31 00:00:00,6149.5,3135.33,80.59,122.8,143.36,1023.94,976.21,144.2,91.73,263.83,180.02,332.13,96.9,236.38,83.47,APOLLO HOSPITALS ENTERPRISE LTD,69.56,3261.47,2833.52,1195.25,7359.8,7359.8,3997.42,561.56,352.38,2448.44,7359.8,7359.8,609.37,406.13,378.79,139125160.0,,5.0,597.17,-888.21,329.93,38.89,1329.3
2017-03-31 00:00:00,7255.7,3646.22,47.34,127.89,342.51,1196.89,1168.62,87.12,59.68,314.04,257.35,222.08,90.96,220.99,83.47,APOLLO HOSPITALS ENTERPRISE LTD,69.56,3240.19,3125.29,1667.97,8103.01,8103.01,4591.06,346.86,406.05,2759.04,8103.01,8103.01,750.53,466.87,524.5,139125160.0,,5.0,622.55,-1151.88,476.96,-52.37,1165.15
2018-03-31 00:00:00,8243.47,4110.85,78.19,166.68,276.52,1404.98,1431.98,129.43,24.34,359.03,295.07,171.46,111.91,117.42,69.56,APOLLO HOSPITALS ENTERPRISE LTD,69.56,3181.94,3426.64,1917.48,8595.62,8595.62,4772.86,712.2,351.99,2758.57,8595.62,8595.62,825.19,565.84,417.25,139125160.0,,5.0,536.96,-404.91,-108.5,23.55,1064.65
2019-03-31 00:00:00,9617.4,4732.5,71.6,183.8,892.9,1598.9,1124.9,86.4,25.5,395.5,327.0,372.6,173.4,236.0,83.52,APOLLO HOSPITALS ENTERPRISE LTD,69.6,3263.9,3673.2,2159.2,9165.9,9165.9,4981.6,821.8,461.6,2900.9,9165.9,9165.9,1023.2,584.8,346.9,139125159.0,,5.0,905.2,-710.6,-214.7,-20.1,1227.6
2020-03-31 00:00:00,11246.8,5605.9,107.0,213.0,1051.7,1853.9,903.0,135.4,221.6,619.7,532.8,660.0,225.2,454.9,83.52,APOLLO HOSPITALS ENTERPRISE LTD,69.6,3269.5,3595.6,4354.1,11288.8,11288.8,7432.1,235.6,434.1,3187.0,11288.8,11288.8,1027.2,737.8,466.8,139125159.0,,5.0,1292.9,-288.8,-909.6,94.5,1139.05
2021-03-31 00:00:00,10560.0,5809.4,125.2,169.7,1005.0,1602.1,825.1,133.6,102.7,573.1,449.2,220.7,84.7,150.4,43.14,APOLLO HOSPITALS ENTERPRISE LTD,71.9,4530.6,2859.3,3929.8,11391.6,11391.6,6778.3,233.9,1342.7,3036.7,11391.6,11391.6,1331.1,249.5,724.4,143784657.0,,5.0,1273.4,-888.8,-340.1,44.5,2902.65
2015-03-31 00:00:00,5392.27,,,,,452.32,570.57,728.87,25.75,35.6,2273.71,1356.95,459.07,897.88,90.0,BAJAJ FINANCE LTD,50.0,4749.71,26654.59,1325.47,32779.77,32779.77,252.45,,326.29,32201.03,32779.77,32779.77,,,229.83,50000398.0,,10.0,-7064.17,-360.06,6867.08,-557.15,410.85
2016-03-31 00:00:00,7298.65,,,,,631.9,679.78,1041.84,34.66,56.34,2958.77,1964.68,686.05,1278.63,133.88,BAJAJ FINANCE LTD,53.55,7271.18,37024.59,2623.75,46973.07,46973.07,290.27,,1029.1,45653.7,46973.07,46973.07,,,1330.85,53549516.0,,10.0,-9869.67,-686.82,11656.2,1099.71,692.42
2017-03-31 00:00:00,9970.04,,,,,934.14,787.34,1528.9,21.89,71.17,3852.97,2817.41,981.03,1836.38,196.87,BAJAJ FINANCE LTD,109.37,9490.89,49249.54,4880.71,63730.51,63730.51,366.01,,4069.51,59294.99,63730.51,63730.51,,,326.09,546832590.0,269360950.0,2.0,-10438.95,-3046.76,12513.43,-972.28,1171.1
2018-03-31 00:00:00,12746.27,,,,,1437.07,1405.75,1272.03,10.2,102.07,4696.11,3843.44,1347.07,2496.37,230.06,BAJAJ FINANCE LTD,115.03,15732.81,66557.22,2393.21,84798.27,84798.27,470.26,,3139.43,81188.58,84798.27,84798.27,585.21,,339.66,575134188.0,,2.0,-20565.59,1075.43,19503.35,13.19,1767.55
2019-03-31 00:00:00,18487.14,,,,769.37,1942.7,959.41,1782.73,13.04,144.15,6722.66,6179.16,2184.17,3994.99,346.11,BAJAJ FINANCE LTD,115.37,19581.65,101587.85,2947.64,124232.51,124232.51,694.84,,8599.03,114938.64,124232.51,124232.51,808.7,,348.71,576874665.0,,2.0,-29061.53,-5378.93,34449.31,8.85,3025.0
2020-03-31 00:00:00,26375.42,,,,1154.25,2553.62,1103.89,4347.17,7.93,294.63,9607.67,7322.12,2058.37,5263.75,599.95,BAJAJ FINANCE LTD,119.99,32207.64,129806.43,2257.07,164391.13,164391.13,1320.99,,17543.9,145526.24,164391.13,164391.13,952.56,,1382.72,599946491.0,,2.0,-24411.7,-8757.61,34166.81,997.5,2215.8
2021-03-31 00:00:00,26672.87,,,,1334.39,2502.42,672.28,6330.23,3.33,325.27,9519.35,5992.26,1572.44,4419.82,601.6,BAJAJ FINANCE LTD,120.32,36798.09,131645.38,2963.08,171526.87,171526.87,1315.7,51.06,18396.91,151763.2,171526.87,171526.87,1107.24,,2176.18,601565625.0,,2.0,-880.95,-428.54,1826.14,516.65,5149.85
2011-12-31 00:00:00,8488.69,573.41,-57.02,2002.94,1279.19,462.0,1926.61,189.26,202.62,446.2,53.44,1701.24,473.75,1227.74,490.99,AMBUJA CEMENTS LTD,306.87,7757.8,68.64,3442.65,11575.96,11575.96,6265.75,487.52,806.04,4016.65,11575.96,11575.96,247.76,927.76,2073.18,1534369261.0,,2.0,1531.78,-445.02,-473.02,613.74,155.35
2012-12-31 00:00:00,9749.32,681.38,200.83,2333.96,1460.26,487.94,2184.13,329.05,69.39,568.68,78.46,1895.68,603.86,1293.21,555.19,AMBUJA CEMENTS LTD,308.44,8488.97,60.36,3487.05,12344.82,12344.82,5950.77,523.68,1580.93,4289.44,12344.82,12344.82,220.54,986.93,2260.17,1542184436.0,,2.0,1859.95,-388.15,-509.43,962.37,200.9
2013-12-31 00:00:00,9160.63,698.27,-118.29,2066.31,1421.41,508.47,2251.9,427.44,390.19,493.67,66.75,1498.31,219.87,1278.57,556.51,AMBUJA CEMENTS LTD,309.17,9152.72,48.28,3446.18,12956.35,12956.35,6146.75,697.5,1713.54,4398.56,12956.35,12956.35,235.13,936.41,2344.98,1545860286.0,,2.0,1267.45,-496.17,-672.4,98.88,182.65
2014-12-31 00:00:00,9955.34,840.49,-16.22,2268.64,924.67,586.33,2974.68,410.69,418.98,513.03,65.55,1774.02,287.51,1486.5,681.89,AMBUJA CEMENTS LTD,309.95,9760.02,34.03,3774.47,13878.47,13878.47,6309.63,692.14,2096.6,4780.1,13878.47,13878.47,231.65,889.97,2462.28,1549745800.0,,2.0,1675.46,-455.96,-721.19,498.31,228.85
2015-12-31 00:00:00,9436.89,805.64,-25.4,2057.51,831.33,594.05,3113.2,467.5,353.22,629.76,92.47,1173.25,365.37,807.88,434.53,AMBUJA CEMENTS LTD,310.38,9961.02,35.0,3826.56,14132.96,14132.96,6170.17,416.42,2148.83,5397.54,14132.96,14132.96,290.46,897.76,2853.32,1551897421.0,,2.0,1556.55,-82.59,-900.19,573.77,203.05
2016-12-31 00:00:00,20093.77,2344.28,13.17,3994.26,1653.76,1370.07,6388.2,1175.18,440.57,1460.93,152.99,2007.84,573.77,1105.08,555.98,AMBUJA CEMENTS LTD,397.13,19423.79,28.96,12973.93,32823.81,32823.81,21410.33,582.04,174.8,10656.64,32823.81,32823.81,924.07,2163.51,4564.01,1985645229.0,,2.0,2810.29,-4164.92,-957.59,-2312.22,206.3
2017-12-31 00:00:00,23608.69,2853.73,77.72,4951.72,1782.73,1511.24,7593.48,1135.93,335.38,1219.45,205.78,2767.73,822.85,1516.36,714.83,AMBUJA CEMENTS LTD,397.13,20275.07,24.12,14812.9,35509.22,35509.22,20898.22,667.2,153.07,13790.73,35509.22,35509.22,931.53,2458.27,6231.58,1985645229.0,,2.0,3416.23,-738.1,-1014.67,1663.46,272.05
2018-12-31 00:00:00,26040.94,3435.72,197.87,5548.62,1901.36,1524.37,8636.95,1181.0,232.19,1153.94,170.5,2918.54,-54.15,2177.4,297.85,AMBUJA CEMENTS LTD,397.13,21973.35,39.68,14980.59,37390.75,37390.75,20635.94,1008.17,133.23,15613.41,37390.75,37390.75,1304.54,2957.89,6439.28,1985645229.0,,2.0,1703.41,-764.8,-719.01,219.6,225.1
2019-12-31 00:00:00,27103.55,3540.04,-143.64,5722.19,1850.82,1570.75,8575.07,1104.05,600.71,1152.52,169.87,3875.31,1092.15,2095.0,297.85,AMBUJA CEMENTS LTD,397.13,23680.86,41.06,16059.13,40178.18,40178.18,20701.34,1554.43,149.57,17772.84,40178.18,40178.18,1068.56,2096.5,9354.55,1985645229.0,,2.0,4738.7,-1190.56,-629.37,2918.77,196.25
2020-12-31 00:00:00,24516.17,2867.79,-256.45,4827.64,1440.0,1540.4,7461.98,1116.34,288.02,1161.78,140.22,3991.59,884.75,2365.44,3574.17,AMBUJA CEMENTS LTD,397.13,22360.47,89.98,16870.21,39717.79,39717.79,20485.97,2421.85,167.3,16642.67,39717.79,39717.79,561.13,1648.58,8935.63,1985645229.0,,2.0,4832.37,-1317.32,-3956.22,-441.17,248.85
2015-03-31 00:00:00,4335.94,,,23.18,28.16,652.79,367.95,37.61,0.61,84.3,2113.89,1028.67,357.13,671.04,238.78,MUTHOOT FINANCE LTD,397.97,4686.06,19620.55,2291.61,26996.19,26996.19,268.88,6.86,20.23,26700.22,26996.19,26996.19,1155.0,,1757.12,397966419.0,,10.0,-479.1,21.3,248.89,-208.92,207.05
2016-03-31 00:00:00,4936.04,,,25.59,29.5,673.72,371.82,167.18,4.71,58.66,2287.62,1326.66,508.82,814.5,239.4,MUTHOOT FINANCE LTD,399.0,5223.29,18854.19,2918.28,27394.76,27394.76,235.21,10.72,49.08,27099.75,27394.76,27394.76,1467.92,,714.01,399002332.0,,10.0,108.32,-43.08,-1101.65,-1036.4,178.75
2017-03-31 00:00:00,5934.98,,,27.48,39.26,760.82,376.12,350.0,3.19,51.92,2373.99,1958.58,751.33,1199.79,239.69,MUTHOOT FINANCE LTD,399.48,6138.56,22176.68,3469.43,32184.15,32184.15,257.38,9.98,96.53,31820.26,32184.15,32184.15,1276.93,,1644.67,399475549.0,,10.0,-2186.2,-176.65,3026.77,663.92,368.95
2018-03-31 00:00:00,6714.17,,,29.68,31.95,850.35,439.66,304.19,67.27,51.93,2131.61,2942.07,1098.33,1829.83,400.04,MUTHOOT FINANCE LTD,400.04,7456.53,23890.7,1924.51,33671.78,33671.78,251.44,5.74,177.26,33237.34,33671.78,33671.78,26.65,,747.02,400041239.0,,10.0,-1432.15,-125.59,823.68,-734.06,407.45
2019-03-31 00:00:00,7594.43,,,31.54,25.46,1014.78,555.98,118.77,6.2,51.69,2542.88,3259.53,1156.57,2078.01,480.79,MUTHOOT FINANCE LTD,400.66,9530.54,30127.51,1675.05,41733.76,41733.76,259.26,22.83,211.13,41240.54,41733.76,41733.76,21.68,1.47,2203.48,400661316.0,,10.0,-4824.2,-162.36,6351.02,1364.46,615.6
2020-03-31 00:00:00,9683.98,,,33.79,25.54,1211.01,628.52,307.68,22.02,59.24,3179.83,4260.39,1091.71,3138.25,601.56,MUTHOOT FINANCE LTD,401.04,11428.17,40951.97,2085.41,54866.59,54866.59,313.62,28.74,630.22,53894.01,54866.59,54866.59,8.98,0.67,6130.65,401037326.0,,10.0,-4970.1,-384.71,9192.9,3838.09,613.15
2021-03-31 00:00:00,11530.79,,,30.71,35.73,1191.33,614.0,383.38,32.1,67.36,4108.9,5131.48,1312.61,3804.4,802.4,MUTHOOT FINANCE LTD,401.2,15173.83,50414.37,2637.82,68627.22,68627.22,327.08,38.53,808.51,67453.1,68627.22,68627.22,9.8,0.67,8021.01,401195856.0,,10.0,-7814.29,36.64,9712.42,1934.77,1205.9
2012-03-31 00:00:00,4853.34,2527.85,212.26,79.96,119.92,401.48,994.66,78.95,251.54,64.44,72.59,977.29,226.05,726.72,161.64,GODREJ CONSUMER PRODUCTS LTD,34.03,2769.94,1876.91,1317.25,5998.13,5998.13,3691.79,37.58,,2268.76,5998.13,5998.13,472.53,783.91,639.87,340297461.0,,1.0,1098.51,-856.35,-7.26,234.9,160.05
2013-03-31 00:00:00,6411.64,3177.49,155.89,102.56,167.55,590.68,1405.16,129.07,193.91,77.0,87.32,1024.61,179.18,796.1,176.96,GODREJ CONSUMER PRODUCTS LTD,34.03,3279.01,2456.34,1925.69,7695.07,7695.07,4496.06,140.85,121.18,2936.98,7695.07,7695.07,728.76,1047.09,747.6,340326925.0,,1.0,820.12,-865.18,281.68,236.62,259.34
2014-03-31 00:00:00,7599.47,3504.3,-50.38,103.2,195.85,742.43,1698.48,135.43,62.03,81.85,119.91,1029.67,210.37,759.73,178.71,GODREJ CONSUMER PRODUCTS LTD,34.04,3741.36,2373.42,2171.27,8320.09,8320.09,5121.36,167.07,136.27,2895.39,8320.09,8320.09,732.05,1082.13,704.79,340378300.0,,1.0,1115.87,-494.24,-620.49,1.14,286.45
2015-03-31 00:00:00,8273.15,3806.48,-35.04,109.92,223.97,776.95,1818.85,122.99,73.01,90.78,112.46,1248.72,272.29,907.12,187.22,GODREJ CONSUMER PRODUCTS LTD,34.04,4276.65,2717.15,2097.18,9125.02,9125.02,5550.95,224.61,185.69,3163.77,9125.02,9125.02,804.58,1071.71,894.22,340446901.0,,1.0,1026.73,-1235.86,-12.04,-221.17,346.99
2016-03-31 00:00:00,8423.88,3959.14,91.9,109.99,236.23,944.13,1464.98,143.93,-262.04,100.63,128.04,1166.67,336.05,827.61,195.79,GODREJ CONSUMER PRODUCTS LTD,34.05,4232.91,2891.12,2520.66,9678.74,9678.74,5931.41,43.66,189.5,3514.17,9678.74,9678.74,1118.01,1306.98,753.79,340533823.0,,1.0,847.37,-621.59,-202.47,23.31,460.27
2017-03-31 00:00:00,9267.91,4265.85,133.33,89.02,302.85,988.46,1649.39,198.96,76.18,141.57,154.19,1687.13,379.16,1304.08,510.9,GODREJ CONSUMER PRODUCTS LTD,34.06,5267.89,4000.93,3637.37,12940.25,12940.25,8082.89,97.43,933.54,3826.39,12940.25,12940.25,1028.74,1412.5,912.66,340600816.0,,1.0,1860.22,-2243.25,664.65,281.62,557.14
2018-03-31 00:00:00,9847.43,4218.36,-56.0,101.11,318.75,1057.41,1775.76,235.64,283.28,155.68,173.12,2038.88,404.7,1634.18,681.3,GODREJ CONSUMER PRODUCTS LTD,68.13,6190.18,3507.57,4097.89,13863.77,13863.77,8315.0,83.88,997.28,4467.61,13863.77,13863.77,1245.5,1577.72,960.21,681329518.0,340600816.0,1.0,1723.35,-336.37,-1384.01,2.97,729.1
2019-03-31 00:00:00,10314.34,4399.79,-154.54,119.29,329.8,1068.41,1888.86,222.08,361.95,169.98,238.21,2085.33,-256.2,2341.53,1022.2,GODREJ CONSUMER PRODUCTS LTD,102.22,7164.7,3382.05,3444.58,14093.55,14093.55,8670.26,52.06,515.98,4855.25,14093.55,14093.55,1292.9,1558.59,894.72,1022166096.0,340722032.0,1.0,1728.85,274.07,-2038.73,-35.81,686.0
2020-03-31 00:00:00,9910.8,4434.83,173.15,118.29,378.69,1018.82,1770.13,209.44,32.06,197.28,228.13,1760.4,263.82,1496.58,817.84,GODREJ CONSUMER PRODUCTS LTD,102.23,7796.13,3574.97,3406.95,14880.28,14880.28,9231.4,57.04,671.98,4919.86,14880.28,14880.28,1157.25,1703.12,770.16,1022316352.0,,1.0,1588.11,-552.12,-1295.33,-259.34,520.85
2021-03-31 00:00:00,11028.62,4971.77,42.35,106.23,397.25,1123.34,1808.73,264.39,22.6,203.85,137.65,2080.36,359.54,1720.82,,GODREJ CONSUMER PRODUCTS LTD,102.25,9336.65,1863.97,2940.92,14243.79,14243.79,8904.77,57.43,679.1,4602.49,14243.79,14243.79,1004.5,1716.25,672.21,1022486273.0,,1.0,2029.63,-292.15,-1816.22,-78.74,729.65
2014-03-31 00:00:00,,,,,,,,,,,,,,,,ADANI TRANSMISSION LTD,0.05,,,,0.05,0.05,,,,0.05,0.05,0.05,,,0.05,50000.0,,10.0,,,0.05,0.05,
2015-03-31 00:00:00,130.52,,,0.01,1.78,16.21,15.01,-3.75,3.29,37.07,72.53,-5.05,1.7,-6.75,,ADANI TRANSMISSION LTD,1090.0,-6.75,9701.2,707.95,11492.4,11492.4,10573.32,9.83,,909.25,11492.4,11492.4,448.76,20.61,15.09,1090000000.0,,10.0,-34.69,-1863.85,1901.59,3.05,
2016-03-31 00:00:00,2193.78,,,,188.04,30.76,47.79,0.65,70.38,559.65,957.29,479.98,112.04,367.94,,ADANI TRANSMISSION LTD,1099.81,1572.0,8584.95,488.92,11745.68,11745.68,10060.42,258.22,19.82,1407.22,11745.68,11745.68,182.35,21.76,151.38,1099810083.0,,10.0,1543.54,-815.85,-721.66,6.03,34.35
2017-03-31 00:00:00,2875.71,,,8.36,782.46,46.02,38.77,17.01,22.1,569.25,904.01,531.93,115.5,416.43,,ADANI TRANSMISSION LTD,1099.81,1846.72,8974.81,889.72,12811.06,12811.06,9853.23,1342.64,105.0,1510.19,12811.06,12811.06,189.56,38.66,393.18,1099810083.0,,10.0,2188.75,-1729.98,-454.53,4.24,64.15
2018-03-31 00:00:00,3944.48,,,,993.74,42.25,58.95,23.53,110.71,579.41,885.63,1471.68,328.74,1142.94,,ADANI TRANSMISSION LTD,1099.81,3108.05,10428.34,2629.26,17265.46,17265.46,9291.24,2352.79,,5621.43,17265.46,17265.46,257.83,35.34,665.49,1099810083.0,,10.0,2198.31,-3191.76,1589.18,595.73,193.7
2019-03-31 00:00:00,7305.45,,,2291.12,1109.64,586.92,454.48,85.38,335.51,882.15,1391.03,840.24,281.04,559.2,,ADANI TRANSMISSION LTD,1099.81,3535.04,20136.99,7786.62,32558.46,32558.46,24412.0,694.06,335.78,7116.62,32558.46,32558.46,722.05,366.18,701.56,1099810083.0,,10.0,2591.38,-3050.26,38.04,-420.84,217.4
2020-03-31 00:00:00,11415.96,,,3697.36,1763.76,973.24,302.64,420.52,260.75,1174.02,2238.49,1106.68,400.19,741.82,,ADANI TRANSMISSION LTD,1099.81,4119.73,24245.73,10245.92,39711.19,39711.19,24924.2,2212.24,312.67,12262.08,39711.19,39711.19,1000.26,541.17,2296.84,1099810083.0,,10.0,5437.2,-5642.86,1250.4,1044.74,189.05
2021-03-31 00:00:00,9926.33,,,2887.07,1741.96,930.76,291.35,124.83,1115.41,1328.88,2116.99,1619.9,330.33,1224.04,,ADANI TRANSMISSION LTD,1099.81,4989.77,26960.98,10183.02,43233.58,43233.58,26986.6,5255.14,442.03,10549.81,43233.58,43233.58,1013.54,233.71,1289.91,1099810083.0,,10.0,3784.33,-4008.99,-744.65,-969.31,908.4
2012-03-31 00:00:00,8019.49,2088.8,448.87,145.65,470.33,1187.73,1146.03,457.44,702.34,291.16,28.2,3355.36,313.19,2656.69,440.13,SUN PHARMACEUTICALS INDUSTRIES LTD,103.56,12132.22,320.73,3762.29,16318.8,16318.8,3951.35,344.65,2212.87,9809.93,16318.8,16318.8,2078.74,2086.98,3367.19,1035581955.0,,1.0,2234.46,-747.89,-544.39,942.18,284.98
2013-03-31 00:00:00,11130.57,2301.82,228.48,187.1,621.45,1534.53,1556.39,373.57,-89.97,336.17,43.16,4314.89,845.55,2983.06,258.9,SUN PHARMACEUTICALS INDUSTRIES LTD,103.56,14886.17,259.71,5127.88,20377.32,20377.32,5647.47,562.61,2411.57,11755.67,20377.32,20377.32,2412.23,2577.76,4058.71,1035581955.0,,1.0,3356.58,-2375.15,-664.99,316.44,409.48
2014-03-31 00:00:00,16080.36,2855.86,76.54,232.41,813.85,2074.44,2373.26,804.53,-1967.96,409.23,44.19,4581.17,702.17,3141.47,310.68,SUN PHARMACEUTICALS INDUSTRIES LTD,207.12,18317.83,2560.86,8009.34,29095.15,29095.15,6817.28,841.54,2786.02,18650.31,29095.15,29095.15,2200.42,3123.01,7590.15,2071163910.0,1035581960.0,1.0,3959.2,-2176.18,506.57,2289.59,574.75
2015-03-31 00:00:00,27392.01,6624.68,-114.49,560.77,1427.56,4502.64,5131.37,1136.68,282.79,1194.72,578.99,6402.9,914.69,4539.38,621.36,SUN PHARMACEUTICALS INDUSTRIES LTD,207.12,25382.59,8996.11,14137.37,48723.19,48723.19,12682.47,2038.61,2716.3,31285.81,48723.19,48723.19,5106.13,5667.99,10998.04,2071163910.0,,1.0,5615.74,-1502.35,-1186.53,2926.86,1023.9
2016-03-31 00:00:00,28487.03,6724.15,393.77,545.44,1808.55,4772.31,5219.2,1637.25,-42.5,1037.53,523.24,6570.63,913.77,4545.71,240.66,SUN PHARMACEUTICALS INDUSTRIES LTD,240.66,32741.15,8496.76,13948.93,55427.5,55427.5,15872.25,2175.45,1829.88,35549.92,55427.5,55427.5,6775.66,6422.54,13181.65,2406605118.0,,1.0,6685.86,-3949.13,-1888.53,848.2,820.0
2017-03-31 00:00:00,31578.44,8402.37,271.63,525.09,1973.46,4902.3,5224.61,720.22,610.4,1264.75,399.8,9047.87,1211.57,6964.37,839.76,SUN PHARMACEUTICALS INDUSTRIES LTD,239.93,36399.74,9831.77,14624.01,61095.45,61095.45,17675.17,2801.38,1191.88,39427.02,61095.45,61095.45,7202.61,6832.81,15140.84,2399260815.0,,1.0,7082.21,-4186.15,-2285.39,610.67,688.15
2018-03-31 00:00:00,26489.46,7193.98,-230.7,559.97,1828.35,5367.05,4727.0,950.99,-135.03,1499.84,517.57,3478.98,911.04,2095.7,479.86,SUN PHARMACEUTICALS INDUSTRIES LTD,239.93,38074.18,10385.27,15598.01,64297.39,64297.39,18852.65,2465.16,7142.87,35836.71,64297.39,64297.39,7815.28,6880.69,9929.38,2399260815.0,,1.0,3907.15,-3103.8,-1539.26,-735.91,495.1
2019-03-31 00:00:00,29065.91,8302.08,433.11,613.6,1884.71,5967.09,5350.33,1004.23,-258.28,1753.25,555.25,3810.2,600.88,2665.42,659.81,SUN PHARMACEUTICALS INDUSTRIES LTD,239.93,41169.13,10514.36,12666.11,64589.53,64589.53,21836.54,1411.15,7902.53,33439.31,64589.53,64589.53,8884.2,7885.98,7275.6,2399334970.0,,1.0,2196.45,-310.08,-2730.52,-844.15,478.85
2020-03-31 00:00:00,32837.5,8929.6,-300.85,621.89,1690.0,6362.35,6995.37,954.6,382.26,2052.78,302.73,5009.59,822.8,3764.93,959.72,SUN PHARMACEUTICALS INDUSTRIES LTD,239.93,45024.52,8314.88,14614.99,68194.32,68194.32,22846.91,1220.34,10143.11,33983.96,68194.32,68194.32,9421.24,7874.99,6487.55,2399334970.0,,1.0,6554.77,-2225.32,-5715.14,-1385.69,352.3
2021-03-31 00:00:00,33498.14,9328.3,638.22,627.09,1723.78,6862.23,6283.41,841.59,-3449.21,2079.95,141.43,2799.37,514.69,2903.82,1799.48,SUN PHARMACEUTICALS INDUSTRIES LTD,239.93,46222.85,3868.58,17290.86,67622.22,67622.22,21552.98,1566.83,9612.45,34889.96,67622.22,67622.22,9061.4,8997.02,6445.51,2399334970.0,,1.0,6170.37,406.53,-5980.48,596.42,597.8
2012-03-31 00:00:00,5485.37,3546.8,14.03,72.87,393.22,211.15,786.52,177.97,59.14,61.83,41.6,266.58,66.85,199.55,101.53,BRITANNIA INDUSTRIES LTD,23.89,385.28,604.21,828.67,1842.05,1842.05,624.39,111.26,248.51,857.89,1842.05,1842.05,113.01,431.76,61.33,119450815.0,,2.0,246.12,-64.78,-168.41,12.93,296.5
2013-03-31 00:00:00,6185.41,3869.02,7.67,91.01,467.67,226.75,920.63,197.36,52.24,73.15,41.3,358.43,98.55,259.5,101.62,BRITANNIA INDUSTRIES LTD,23.91,531.67,380.0,947.89,1883.47,1883.47,736.8,147.3,108.2,891.17,1883.47,1883.47,122.81,374.67,102.93,119525815.0,,2.0,319.8,28.18,-378.15,-30.17,262.48
2014-03-31 00:00:00,6912.71,4182.53,11.51,110.72,509.95,262.66,1030.89,200.27,33.59,83.18,8.29,569.32,173.58,395.35,143.94,BRITANNIA INDUSTRIES LTD,23.99,774.12,149.76,1159.0,2106.87,2106.87,847.59,107.09,197.87,954.32,2106.87,2106.87,108.7,420.27,109.07,119925800.0,,2.0,671.48,-245.64,-357.34,68.5,421.7
2015-03-31 00:00:00,7858.42,4722.21,30.4,110.96,555.68,294.44,1129.07,206.14,227.61,144.48,3.86,949.59,261.11,688.64,191.92,BRITANNIA INDUSTRIES LTD,23.99,1221.12,145.07,1403.17,2793.35,2793.35,844.07,48.37,517.94,1382.97,2793.35,2793.35,135.81,404.04,226.33,119925800.0,,2.0,584.46,-450.3,-181.37,-47.21,1079.28
2016-03-31 00:00:00,8397.23,5016.99,4.27,95.16,510.15,341.36,956.77,257.5,115.17,113.41,4.87,1220.46,396.1,824.58,240.0,BRITANNIA INDUSTRIES LTD,24.0,2067.68,131.05,1271.18,3493.91,3493.91,950.24,90.07,788.38,1665.22,3493.91,3493.91,170.61,440.65,87.65,119975815.0,,2.0,959.23,-705.2,-246.18,7.85,1343.25
2017-03-31 00:00:00,9054.09,5642.88,54.2,104.28,509.93,352.61,915.01,305.4,150.54,119.27,5.45,1304.0,419.67,884.47,264.0,BRITANNIA INDUSTRIES LTD,24.0,2672.42,124.56,1287.82,4108.8,4108.8,1159.99,30.07,486.85,2431.89,4108.8,4108.8,179.16,661.45,120.76,120000815.0,,2.0,441.28,-149.85,-295.08,-3.65,1687.0
2018-03-31 00:00:00,9913.99,6100.8,-6.3,128.83,487.59,401.6,953.48,333.92,166.37,142.07,7.59,1518.18,514.22,1004.23,300.12,BRITANNIA INDUSTRIES LTD,24.01,3382.22,200.7,1580.99,5187.92,5187.92,1345.6,202.82,1079.28,2560.22,5187.92,5187.92,304.6,652.79,186.42,120059148.0,,2.0,1248.77,-956.52,-231.75,60.5,2485.3
2019-03-31 00:00:00,11054.67,6616.64,55.18,175.17,621.32,441.82,1107.49,414.96,206.45,161.88,9.09,1767.93,612.47,1159.12,360.45,BRITANNIA INDUSTRIES LTD,24.03,4229.22,156.02,1828.68,6237.95,6237.95,1688.3,101.24,1476.28,2972.13,6237.95,6237.95,394.24,781.38,109.82,240318294.0,,1.0,1155.78,-852.22,-352.68,-49.12,3085.5
2020-03-31 00:00:00,11599.55,6874.9,-52.57,177.7,610.68,486.69,1125.23,428.6,262.83,184.81,76.9,1844.3,450.7,1402.63,841.75,BRITANNIA INDUSTRIES LTD,24.05,4378.78,1537.59,1889.12,7829.54,7829.54,1878.18,39.55,2893.23,3018.58,7829.54,7829.54,320.36,740.96,122.85,240468296.0,,1.0,1484.53,-1525.93,57.94,16.54,2688.95
2021-03-31 00:00:00,13136.14,7663.22,37.12,182.29,672.21,527.38,1163.82,455.05,313.07,197.85,110.9,2513.61,663.02,1863.9,3794.18,BRITANNIA INDUSTRIES LTD,24.09,3523.57,2106.94,2345.49,8000.09,8000.09,1792.95,116.52,2780.69,3309.93,8000.09,8000.09,257.27,1091.49,211.34,240868296.0,,1.0,1851.07,458.82,-2243.69,66.2,3625.05
2012-03-31 00:00:00,59398.94,36642.93,1169.74,865.82,2048.66,6590.87,4407.99,2753.49,525.84,1801.67,1799.57,4183.52,1407.56,3126.66,736.3,MAHINDRA & MAHINDRA LTD,294.52,16409.29,23120.54,23623.26,63447.61,63447.61,17198.27,1488.29,5347.21,39413.84,63447.61,63447.61,5345.06,7157.67,3484.72,613974839.0,,5.0,61.31,-2968.07,4255.61,1348.85,350.1
2013-03-31 00:00:00,68693.49,42020.17,128.0,936.88,2379.61,6819.07,5015.45,2534.52,841.44,2079.86,2297.0,5580.37,1934.63,4099.2,767.42,MAHINDRA & MAHINDRA LTD,295.16,19665.54,28711.05,27459.68,76131.43,76131.43,18307.34,1631.2,6440.41,49752.48,76131.43,76131.43,5176.97,8416.9,4936.54,590323271.0,,5.0,-921.67,-2902.66,4508.29,683.96,430.65
2014-03-31 00:00:00,74000.93,45131.56,238.97,923.38,2586.08,6885.94,6000.42,2542.03,772.61,2169.57,2953.93,5819.6,1496.22,4666.93,826.45,MAHINDRA & MAHINDRA LTD,295.16,23011.7,35166.79,29414.94,87888.59,87888.59,18380.96,2191.05,8082.35,59234.23,87888.59,87888.59,5725.42,8353.54,6522.79,615892400.0,,5.0,-243.74,-4523.6,5577.38,810.04,490.35
2015-03-31 00:00:00,71448.0,42575.56,-274.13,786.96,2553.39,7202.49,5990.62,3271.56,799.93,2123.83,3156.69,4312.7,1720.02,3137.47,709.68,MAHINDRA & MAHINDRA LTD,295.7,25560.68,37911.46,30608.37,94376.21,94376.21,19046.74,3032.14,10027.14,62270.19,94376.21,94376.21,5476.16,8453.39,4911.83,591392278.0,,5.0,1054.86,-4357.45,1669.38,-1633.21,593.9
2016-03-31 00:00:00,75841.42,45584.35,458.51,639.97,2618.7,7689.4,5758.86,3926.21,1398.83,2441.65,3367.59,5672.03,2117.53,3148.43,648.96,MAHINDRA & MAHINDRA LTD,270.4,26222.25,41552.93,31806.24,99851.82,99851.82,20584.71,2371.35,11602.58,65293.18,99851.82,99851.82,5817.6,9116.12,4527.55,592633807.0,,5.0,2384.76,-5505.97,2966.81,-154.4,605.35
2017-03-31 00:00:00,83773.05,50655.2,13.83,657.06,3255.3,8910.63,6253.64,3320.22,2076.61,2812.72,3648.46,6350.26,2299.73,3698.04,807.43,MAHINDRA & MAHINDRA LTD,310.55,29467.1,48761.91,35295.92,113835.48,113835.48,20989.01,4278.94,14662.44,73905.09,113835.48,113835.48,7199.26,8886.01,4654.03,621092384.0,,5.0,183.09,-5875.29,6107.97,415.77,643.45
2018-03-31 00:00:00,92093.95,53457.29,-83.33,733.9,3590.26,10004.62,7591.15,3407.3,4366.41,3279.9,3987.09,10325.52,2367.73,7510.39,814.7,MAHINDRA & MAHINDRA LTD,543.13,36232.06,55897.92,43696.2,136369.31,136369.31,26181.9,4269.47,16017.61,89900.33,136369.31,136369.31,8489.82,9335.57,6547.6,1243192544.0,621596272.0,5.0,681.86,-5467.22,6314.5,1529.14,738.9
2019-03-31 00:00:00,104720.68,61881.19,1730.48,817.11,4253.0,11242.08,9658.98,3392.29,2676.45,3990.77,5021.35,8870.84,2853.99,5315.46,924.73,MAHINDRA & MAHINDRA LTD,543.96,39439.45,70848.3,51056.95,161888.66,161888.66,28982.74,4759.84,18268.1,109877.98,161888.66,161888.66,8677.89,12200.16,8734.91,1243192544.0,,5.0,-4347.29,-7173.97,13193.63,1672.37,673.9
2020-03-31 00:00:00,75381.93,37595.3,-826.62,530.92,3277.79,8214.82,6316.52,8462.21,884.69,3366.68,6021.15,1654.61,1975.61,127.04,260.51,MAHINDRA & MAHINDRA LTD,554.28,39415.03,82092.28,43654.54,165716.13,165716.13,29689.27,6856.48,19210.34,109960.04,165716.13,165716.13,6928.28,11111.86,7910.9,1243192544.0,,5.0,-1456.93,-6869.79,6932.75,-1393.97,284.95
2021-03-31 00:00:00,74277.78,38271.2,-135.59,429.56,2523.4,7813.26,4628.75,8989.0,1151.51,3378.11,6102.22,3158.2,1645.81,1812.49,971.51,MAHINDRA & MAHINDRA LTD,555.15,41026.77,80086.56,43299.85,164968.33,164968.33,21379.68,7872.61,28777.66,106938.38,164968.33,164968.33,6007.76,9615.41,12851.99,1243192544.0,,5.0,17908.83,-19685.5,406.23,-1370.44,795.25
2012-03-31 00:00:00,18550.66,2842.66,-28.4,4639.36,1825.32,914.48,4361.68,-255.14,370.83,962.91,256.42,3345.4,948.14,2403.26,219.26,ULTRATECH CEMENT LTD,274.07,12550.35,5890.76,6181.06,24896.24,24896.24,13313.92,1940.29,3547.45,6094.58,24896.24,24896.24,1088.75,2197.96,214.29,274065301.0,,10.0,3427.03,-3049.91,-353.12,24.0,1514.55
2013-03-31 00:00:00,20513.6,3383.58,115.2,4645.71,2058.49,1072.81,5013.87,-384.99,303.59,1023.37,252.34,3867.21,1179.14,2677.73,246.76,ULTRATECH CEMENT LTD,274.18,14955.41,7342.27,7009.69,29581.55,29581.55,15049.74,3601.17,4708.54,6222.1,29581.55,29581.55,1376.29,2540.67,184.79,274179917.0,,10.0,3617.58,-4361.94,714.86,-29.5,1868.95
2014-03-31 00:00:00,20730.33,3649.78,-98.76,4523.12,2240.62,1125.45,5460.01,-402.58,322.38,1139.0,360.95,2857.6,644.82,2206.03,246.82,ULTRATECH CEMENT LTD,274.24,16907.66,7331.86,7670.92,32184.68,32184.68,18099.7,2185.86,4861.85,7037.27,32184.68,32184.68,1632.06,2580.35,348.49,274241400.0,,10.0,3454.52,-2342.02,-948.8,163.7,2186.95
2015-03-31 00:00:00,23306.19,4151.05,100.88,5115.68,1908.68,1329.76,6944.03,-467.61,350.08,1203.42,586.51,2985.63,883.52,2098.34,246.96,ULTRATECH CEMENT LTD,274.4,18766.78,9829.14,9183.09,38053.41,38053.41,23342.85,2250.01,4500.02,7960.53,38053.41,38053.41,1658.82,2949.12,370.6,274404627.0,,10.0,4190.18,-2143.76,-2109.82,-63.4,2877.9
2016-03-31 00:00:00,25153.24,4436.12,18.61,4579.25,1933.88,1466.49,7200.47,654.67,463.81,1377.17,566.3,3421.31,941.69,2478.04,260.71,ULTRATECH CEMENT LTD,274.43,21671.2,10615.99,8631.49,41193.11,41193.11,25309.42,1469.09,5095.18,9319.42,41193.11,41193.11,1928.21,2454.58,2266.96,274431377.0,,10.0,4525.51,-3673.35,-844.02,8.14,3228.75
2017-03-31 00:00:00,25374.94,4416.9,-75.69,4271.98,1991.28,1547.77,7149.12,709.76,648.12,1348.41,640.1,3872.05,1158.54,2714.92,274.51,ULTRATECH CEMENT LTD,274.51,24117.38,8474.49,9342.73,42209.11,42209.11,25903.75,921.48,6690.51,8693.37,42209.11,42209.11,1757.09,2400.64,2248.78,274507906.0,,10.0,5005.02,-2501.44,-2534.98,-31.4,3984.75
2018-03-31 00:00:00,30978.62,5399.98,111.2,6334.07,2289.53,1831.81,8320.28,769.12,241.97,1847.93,1237.6,3301.47,1077.01,2222.17,288.34,ULTRATECH CEMENT LTD,274.61,26106.55,19480.22,11279.71,57141.09,57141.09,39715.3,1511.21,5446.9,10467.68,57141.09,57141.09,2220.63,3267.59,219.07,274613985.0,,10.0,3887.72,1865.72,-5735.05,18.39,3950.0
2019-03-31 00:00:00,41462.26,6936.74,-46.35,9436.14,3001.06,2309.43,11563.8,821.8,350.1,2450.73,1777.86,3468.45,1068.07,2403.51,315.84,ULTRATECH CEMENT LTD,274.64,28087.65,25337.0,22826.08,76525.37,76525.37,56644.62,1153.32,2921.33,15806.1,76525.37,76525.37,2787.03,4098.96,739.68,274642720.0,,10.0,5956.11,1165.18,-6757.24,364.05,3998.35
2020-03-31 00:00:00,42429.89,6875.89,357.83,8516.87,3043.3,2522.64,11237.32,1345.73,651.06,2722.66,1991.65,5182.72,-568.16,5755.26,375.22,ULTRATECH CEMENT LTD,288.63,38755.13,23018.96,17151.09,79213.81,79213.81,57150.96,919.59,5928.69,15214.57,79213.81,79213.81,2383.22,4183.35,539.91,288625105.0,,10.0,8972.43,-4191.95,-5075.88,-295.4,3244.85
2021-03-31 00:00:00,44725.8,6635.66,-450.15,8331.18,3043.97,2363.33,11257.75,1075.85,618.52,2700.23,1485.65,8000.55,2538.7,5463.1,1068.0,ULTRATECH CEMENT LTD,288.65,43886.03,20487.77,21513.9,86176.35,86176.35,55411.61,1686.68,12178.11,16899.95,86176.35,86176.35,2571.73,4017.97,2007.55,288653398.0,,10.0,12502.95,-8858.67,-4356.47,-712.19,6737.95
2012-03-31 00:00:00,8848.43,7290.97,750.75,25.52,128.66,400.81,723.91,191.6,92.12,45.62,43.73,840.48,238.98,601.35,155.36,TITAN COMPANY LTD,88.78,1372.14,5.89,3243.1,4709.91,4709.91,383.92,24.85,2.44,4298.7,4709.91,4709.91,165.19,2882.02,967.1,887786160.0,443893080.0,1.0,162.63,-69.85,-234.93,-142.15,228.6
2013-03-31 00:00:00,10123.29,8307.32,813.15,33.84,117.8,493.48,752.35,217.3,99.03,56.23,50.65,1006.5,281.56,725.38,186.44,TITAN COMPANY LTD,88.78,1881.07,,3914.2,5884.05,5884.05,463.9,41.76,2.91,5375.48,5884.05,5884.05,165.83,3680.33,1139.04,887786000.0,,1.0,552.96,-141.74,-235.62,175.6,256.5
2014-03-31 00:00:00,10927.39,8151.28,99.41,37.74,142.88,544.1,824.41,279.16,117.32,67.55,87.13,1009.87,275.12,734.94,186.44,TITAN COMPANY LTD,88.78,2433.95,806.84,2781.26,6110.83,6110.83,614.23,32.87,3.09,5460.64,6110.83,6110.83,154.13,3869.39,892.67,887800000.0,,1.0,-554.72,-271.24,497.38,-328.58,262.45
2015-03-31 00:00:00,11913.41,8955.86,204.37,40.18,187.15,636.48,833.49,312.04,66.57,89.57,80.69,1048.89,232.64,816.26,204.19,TITAN COMPANY LTD,88.78,2995.09,99.79,2684.3,5867.96,5867.96,699.11,55.19,3.1,5110.56,5867.96,5867.96,189.73,4049.3,213.81,887786160.0,,1.0,502.6,-118.03,-1004.65,-620.08,392.0
2016-03-31 00:00:00,11275.89,8372.17,191.43,41.2,261.7,699.69,846.43,306.8,69.33,98.19,42.36,868.11,191.59,674.52,195.32,TITAN COMPANY LTD,88.78,3417.5,113.05,2722.58,6341.91,6341.91,770.54,106.71,30.41,5434.25,6341.91,6341.91,192.5,4447.15,116.35,887786160.0,,1.0,576.09,-158.79,-504.84,-87.54,338.8
2017-03-31 00:00:00,13260.83,9821.14,313.71,43.84,160.42,894.32,1211.16,279.76,-42.38,110.53,37.74,973.25,275.97,711.47,230.83,TITAN COMPANY LTD,88.78,4143.6,1882.43,2292.76,8407.57,8407.57,1188.72,152.07,430.73,6636.05,8407.57,8407.57,207.6,4925.74,778.93,887786160.0,,1.0,1712.3,-953.15,-165.6,593.55,462.75
2018-03-31 00:00:00,16119.77,12664.83,978.61,45.32,124.83,906.26,1277.81,435.13,69.93,131.43,52.92,1529.78,427.87,1130.09,332.92,TITAN COMPANY LTD,88.78,5001.1,1691.01,2740.15,9521.04,9521.04,1473.81,43.37,35.99,7967.87,9521.04,9521.04,295.69,5924.84,617.91,887786160.0,,1.0,-51.12,97.62,-252.45,-205.95,942.3
2019-03-31 00:00:00,19778.52,15170.66,776.41,48.51,193.28,1024.44,1454.32,669.93,178.48,162.84,52.54,1956.89,568.24,1404.15,443.9,TITAN COMPANY LTD,88.78,5981.37,2392.98,3246.71,11709.84,11709.84,1566.63,31.77,108.42,10003.02,11709.84,11709.84,420.45,7038.82,1066.48,887786160.0,,1.0,1242.92,-796.61,-488.83,-42.52,1141.85
2020-03-31 00:00:00,21052.0,16033.0,878.0,52.0,215.0,1204.0,1470.0,493.0,153.0,348.0,166.0,2102.0,609.0,1501.0,356.0,TITAN COMPANY LTD,89.0,6580.0,3562.0,3313.0,13544.0,13544.0,2633.0,18.0,158.0,10735.0,13544.0,13544.0,312.0,8103.0,381.0,887786160.0,,1.0,-348.0,235.0,-242.0,-355.0,933.7
2021-03-31 00:00:00,21644.0,16292.0,-122.0,37.0,141.0,1069.0,1029.0,1229.0,180.0,375.0,203.0,1327.0,353.0,973.0,356.0,TITAN COMPANY LTD,89.0,7408.0,5638.0,3309.0,16444.0,16444.0,2523.0,32.0,2824.0,11065.0,16444.0,16444.0,366.0,8408.0,560.0,887786160.0,,1.0,4139.0,-2799.0,-1234.0,106.0,1558.05
2012-03-31 00:00:00,34368.05,22322.73,443.65,1751.87,3252.21,846.39,164.53,-323.33,-1443.5,1933.15,1427.3,1993.35,500.15,537.68,213.11,JSW STEEL LTD,284.15,16186.39,19909.11,17542.56,53922.21,53922.21,33812.06,2831.71,2089.6,15188.84,53922.21,53922.21,1461.95,5789.26,3046.97,284147200.0,,10.0,3512.4,-4100.56,697.77,109.61,72.15
2013-03-31 00:00:00,38209.65,24310.05,152.44,2041.0,2601.66,980.25,1546.01,371.61,-307.23,2237.48,1967.46,1999.34,845.25,963.11,284.15,JSW STEEL LTD,284.15,16780.55,21345.98,19102.1,57512.78,57512.78,34716.8,5897.87,1749.95,15148.16,57512.78,57512.78,2106.29,5495.23,1653.37,284147200.0,,10.0,5844.21,-5433.44,-790.89,-380.12,67.24
2014-03-31 00:00:00,51219.62,30437.37,192.18,3813.31,5665.08,1298.24,268.86,760.35,-1630.07,3182.61,3047.86,1308.05,920.08,451.95,333.02,JSW STEEL LTD,302.75,20871.15,34762.1,21703.89,77639.89,77639.89,47045.94,9399.75,662.74,20531.46,77639.89,77639.89,2292.44,8155.12,662.97,302752044.0,,10.0,2593.52,-5617.77,3300.46,276.21,103.61
2015-03-31 00:00:00,52971.51,31140.42,1488.21,4123.1,6764.77,1532.84,372.65,1162.08,102.77,3434.49,3493.03,2539.11,819.41,1796.57,333.02,JSW STEEL LTD,302.75,21986.89,37989.82,25374.42,85653.88,85653.88,52176.28,8265.27,599.25,24613.08,85653.88,85653.88,2499.75,11009.04,1913.25,302752000.0,,10.0,7875.65,-7372.25,-169.08,334.32,90.66
2016-03-31 00:00:00,41546.17,21181.02,-1365.76,3657.88,5745.05,1518.67,332.82,1322.66,-1966.23,3322.56,3601.18,-2467.66,-1966.21,-335.43,225.68,JSW STEEL LTD,300.9,18664.55,42204.03,20737.42,81906.9,81906.9,56139.52,7270.85,1194.61,17301.92,81906.9,81906.9,2727.37,8321.18,1020.4,300903227.0,,10.0,6897.32,-3857.37,-3150.66,-110.71,128.33
2017-03-31 00:00:00,55604.0,29749.0,1486.0,4883.0,6887.0,1700.0,323.0,1240.0,18.0,3430.0,3768.0,5128.0,1674.0,3523.0,677.25,JSW STEEL LTD,301.0,22346.0,43334.0,22024.0,88005.0,88005.0,58730.0,4363.0,1366.0,23546.0,88005.0,88005.0,4149.0,11395.0,1485.0,3012984690.0,,1.0,7888.0,-5094.0,-2710.0,84.0,188.2
2018-03-31 00:00:00,71933.0,38781.0,-244.0,5697.0,8713.0,1843.0,277.0,1462.0,-177.0,3387.0,3701.0,7651.0,1538.0,6214.0,966.4,JSW STEEL LTD,302.0,27696.0,39185.0,24787.0,91970.0,91970.0,57848.0,5950.0,1469.0,26703.0,91970.0,91970.0,4704.0,12594.0,1063.0,3016231580.0,,1.0,12379.0,-4529.0,-8185.0,-335.0,288.15
2019-03-31 00:00:00,84757.0,43796.0,590.0,7053.0,10158.0,2489.0,602.0,2319.0,196.0,4041.0,3917.0,11168.0,3644.0,7639.0,1234.1,JSW STEEL LTD,301.0,34494.0,47376.0,32626.0,114797.0,114797.0,62644.0,11889.0,1894.0,38370.0,114797.0,114797.0,7160.0,14548.0,6187.0,3011711464.0,,1.0,14633.0,-11387.0,1753.0,4999.0,293.05
2020-03-31 00:00:00,73326.0,39000.0,270.0,6272.0,10243.0,2839.0,450.0,2979.0,-289.0,4246.0,4265.0,3013.0,-906.0,4030.0,602.0,JSW STEEL LTD,301.0,36298.0,61399.0,33822.0,131820.0,131820.0,62085.0,27191.0,1259.0,41285.0,131820.0,131820.0,4505.0,13773.0,12003.0,3011711464.0,,1.0,12785.0,-19589.0,5189.0,-1615.0,146.25
2021-03-31 00:00:00,79839.0,32856.0,348.0,5985.0,16247.0,2506.0,404.0,2011.0,473.0,4679.0,3957.0,12015.0,4142.0,7911.0,1963.0,JSW STEEL LTD,302.0,46462.0,62366.0,39187.0,148317.0,148317.0,64917.0,32566.0,8581.0,42253.0,148317.0,148317.0,4486.0,14249.0,12813.0,3015766346.0,,1.0,18789.0,-7702.0,-3110.0,7977.0,468.45
2011-12-31 00:00:00,5684.42,4186.4,68.54,35.03,85.04,345.56,431.17,79.38,141.45,63.96,7.67,660.2,162.8,308.77,43.18,EICHER MOTORS LTD,26.99,1466.14,43.22,2257.03,3793.38,3793.38,504.42,352.29,512.62,2424.05,3793.38,3793.38,344.58,427.96,1191.51,26992583.0,,10.0,404.99,-338.01,-113.68,-46.7,148.8
2012-12-31 00:00:00,6389.89,4628.37,41.07,46.11,106.23,457.26,543.51,99.9,136.08,82.17,3.79,599.7,124.85,324.26,54.0,EICHER MOTORS LTD,27.0,1727.89,22.93,2693.66,4471.48,4471.48,991.8,504.37,638.5,2336.81,4471.48,4471.48,445.87,488.84,803.5,27000983.0,,10.0,496.04,-773.18,-110.87,-388.01,290.66
2013-12-31 00:00:00,6809.8,4658.25,17.83,61.45,126.8,533.34,583.03,149.28,93.0,130.04,7.88,670.56,145.18,393.94,81.12,EICHER MOTORS LTD,27.04,2028.38,83.9,3197.27,5336.59,5336.59,1656.14,463.59,825.46,2391.4,5336.59,5336.59,512.5,526.8,682.56,27038883.0,,10.0,716.2,-789.79,-47.35,-120.94,497.59
2014-12-31 00:00:00,8738.32,5855.79,84.72,74.07,171.82,659.64,674.42,269.63,104.55,219.82,9.78,992.62,290.88,615.36,135.5,EICHER MOTORS LTD,27.1,2488.76,58.36,3829.01,6403.23,6403.23,2309.33,418.8,1077.69,2597.41,6403.23,6403.23,562.17,645.52,353.32,27104783.0,,10.0,1047.47,-1214.48,-162.23,-329.24,1507.5
2016-03-31 00:00:00,6173.46,3497.73,62.05,46.18,173.76,350.21,397.4,80.5,325.91,136.6,2.12,1876.92,538.88,1338.04,271.6,EICHER MOTORS LTD,27.16,3625.93,22.57,1263.35,4939.01,4939.01,789.59,94.48,3388.24,666.7,4939.01,4939.01,32.64,308.39,49.17,27161183.0,,10.0,1463.08,-1001.4,-465.52,-3.84,1918.06
2017-03-31 00:00:00,7033.36,3725.72,19.61,46.02,173.09,426.28,412.25,95.3,416.44,153.81,3.56,2433.38,720.3,1667.08,272.1,EICHER MOTORS LTD,27.21,5317.86,111.85,1552.16,7009.08,7009.08,872.78,373.77,4987.13,775.4,7009.08,7009.08,50.04,335.9,25.06,27210249.0,,10.0,1707.97,-1743.58,25.29,-10.32,2558.75
2018-03-31 00:00:00,8964.96,4679.07,33.87,52.41,210.76,573.68,565.66,108.62,535.66,223.3,5.34,3115.65,935.93,1959.67,299.86,EICHER MOTORS LTD,27.26,7002.81,150.84,2341.32,9522.23,9522.23,1501.69,333.21,5580.84,2106.49,9522.23,9522.23,68.0,394.64,1212.0,27255549.0,,10.0,2482.25,-2145.02,-262.01,75.22,2837.27
2019-03-31 00:00:00,9797.06,5269.64,210.16,66.96,263.49,702.44,654.82,145.63,700.66,300.28,7.33,3297.29,1077.04,2202.73,341.0,EICHER MOTORS LTD,27.28,8891.44,186.76,2281.35,11386.83,11386.83,1874.58,449.74,4922.52,4139.99,11386.83,11386.83,84.29,633.38,2965.29,27282570.0,,10.0,1575.47,-659.88,-292.3,623.29,2054.77
2020-03-31 00:00:00,9153.58,4914.58,-84.09,62.86,256.58,795.78,667.16,189.64,572.42,381.54,18.88,2354.89,527.45,1827.44,341.25,EICHER MOTORS LTD,27.3,9953.63,249.0,2219.79,12449.72,12449.72,2377.52,312.17,5748.77,4011.26,12449.72,12449.72,86.76,572.35,2950.59,27304570.0,,10.0,1694.12,-1508.41,-858.25,-672.54,1309.59
2021-03-31 00:00:00,8720.35,5320.35,205.9,52.98,250.85,843.23,522.03,153.58,482.34,450.73,16.45,1798.39,451.5,1346.89,464.61,EICHER MOTORS LTD,27.33,11410.75,219.25,2901.28,14558.61,14558.61,2433.3,314.29,3902.14,7908.88,14558.61,14558.61,158.16,874.6,5830.36,273335922.0,,1.0,1713.57,-1647.9,-14.76,50.91,2603.95
